@article{zwirneru,
  title={U (1) EXTENSIONS OF THE STANDARD MODEL},
  author={ZWIRNER, Fabio and VILLADORO, Dott Giovanni and SALVIONI, Ennio}
}

@article{basso2011theoretical,
  title={Theoretical constraints on the couplings of non-exotic minimal Z bosons},
  author={Basso, Lorenzo and Moretti, Stefano and Pruna, Giovanni Marco},
  journal={Journal of High Energy Physics},
  volume={2011},
  number={8},
  pages={122},
  year={2011},
  publisher={Springer}
}

@article{basso2011phenomenology,
  title={Phenomenology of the minimal B- L extension of the Standard Model: the Higgs sector},
  author={Basso, Lorenzo and Moretti, Stefano and Pruna, Giovanni Marco},
  journal={Physical Review D},
  volume={83},
  number={5},
  pages={055014},
  year={2011},
  publisher={APS}
}

@article{basso2011phenomenology,
  title={Phenomenology of the minimal BL extension of the Standard Model at the LHC},
  author={Basso, Lorenzo},
  journal={arXiv preprint arXiv:1106.4462},
  year={2011}
}

@article{porod2003spheno,
  title={SPheno, a program for calculating supersymmetric spectra, SUSY particle decays and SUSY particle production at e+ e- colliders},
  author={Porod, Werner},
  journal={Computer Physics Communications},
  volume={153},
  number={2},
  pages={275--315},
  year={2003},
  publisher={Elsevier}
}

@article{porod2012spheno,
  title={SPheno 3.1: Extensions including flavour, CP-phases and models beyond the MSSM},
  author={Porod, Werner and Staub, Florian},
  journal={Computer Physics Communications},
  volume={183},
  number={11},
  pages={2458--2469},
  year={2012},
  publisher={Elsevier}
}

@article{staub2012tool,
  title={A tool box for implementing supersymmetric models},
  author={Staub, Florian and Ohl, Thorsten and Porod, Werner and Speckner, Christian},
  journal={Computer Physics Communications},
  volume={183},
  number={10},
  pages={2165--2206},
  year={2012},
  publisher={Elsevier}
}

@article{vicente2015computer,
  title={Computer tools in particle physics},
  author={Vicente, Avelino},
  journal={arXiv preprint arXiv:1507.06349},
  year={2015}
}

@article{bednyakov2008higgs,
  title={On the Higgs mass generation mechanism in the Standard Model},
  author={Bednyakov, VA and Giokaris, ND and Bednyakov, AV},
  journal={Physics of Particles and Nuclei},
  volume={39},
  number={1},
  pages={13--36},
  year={2008},
  publisher={Springer}
}

@book{peskin1995introduction,
  title={An Introduction To Quantum Field Theory (Frontiers in Physics)},
  author={Peskin, Michael E and Schroeder, Daniel V},
  year={1995},
  publisher={Westview Press Incorporated}
}

@book{ryder1996quantum,
  title={Quantum field theory},
  author={Ryder, Lewis H},
  year={1996},
  publisher={Cambridge university press}
}

@book{schwartz2014quantum,
  title={Quantum field theory and the standard model},
  author={Schwartz, Matthew D},
  year={2014},
  publisher={Cambridge University Press}
}

@book{costa2012symmetries,
  title={Symmetries and group theory in particle physics: an introduction to space-time and internal symmetries},
  author={Costa, Giovanni and Fogli, Gianluigi},
  volume={823},
  year={2012},
  publisher={Springer Science \& Business Media}
}

@article{Aaboud:2017buh,
      author         = "Aaboud, Morad and others",
      title          = "{Search for new high-mass phenomena in the dilepton final
                        state using 36 fb$^{-1}$ of proton-proton collision data
                        at $ \sqrt{s}=13 $ TeV with the ATLAS detector}",
      collaboration  = "ATLAS",
      journal        = "JHEP",
      volume         = "10",
      year           = "2017",
      pages          = "182",
      doi            = "10.1007/JHEP10(2017)182",
      eprint         = "1707.02424",
      archivePrefix  = "arXiv",
      primaryClass   = "hep-ex",
      reportNumber   = "CERN-EP-2017-119",
      SLACcitation   = "%%CITATION = ARXIV:1707.02424;%%"
}

 @misc{ wiki:sm,
   author = "Wikimedia Commons",
   title = "File:Standard Model of Elementary Particles.svg --- Wikimedia Commons{,} the free media repository",
   year = "2018",
   url = "https://commons.wikimedia.org/w/index.php?title=File:Standard_Model_of_Elementary_Particles.svg&oldid=308836261",
   note = "[Online; accessed 3-August-2018]"
 }