
% Citation 1 
% Large Hadron Collider (LHC) detection of the Higgs 

@article{collaborations2016measurements,
  title={Measurements of the Higgs boson production and decay rates and constraints on its couplings from a combined ATLAS and CMS analysis of the LHC pp collision data at sqrt s = 7 and 8 TeV},
  author={Collaborations, CMS and others},
  journal={arXiv preprint arXiv:1606.02266},
  year={2016}
}

% Citation 2 
% SM Dark matter 

@article{Bergstr_m_2000,
   title={Non-baryonic dark matter: observational evidence and detection methods},
   volume={63},
   ISSN={1361-6633},
   url={http://dx.doi.org/10.1088/0034-4885/63/5/2r3},
   DOI={10.1088/0034-4885/63/5/2r3},
   number={5},
   journal={Reports on Progress in Physics},
   publisher={IOP Publishing},
   author={Bergström, Lars},
   year={2000},
   month={Apr},
   pages={793–841}
}

% Citation 3 
% Baryion 

@incollection{book_Baryion,
  author    = "Utpal Sarkar", 
  title     = "Baryonic Asymmetry in the SM", 
  booktitle = "Particle and Astroparticle Physics", 
  chapter   = 16,
  year      = 2007,
  month     = 12,
  isbn      = {9780367388102},
  publisher = "Cambridge"
}

% Citation 4 
% Neutrino masses trough observations

@article{Mertens_2016,
   title={Direct Neutrino Mass Experiments},
   volume={718},
   ISSN={1742-6596},
   url={http://dx.doi.org/10.1088/1742-6596/718/2/022013},
   DOI={10.1088/1742-6596/718/2/022013},
   journal={Journal of Physics: Conference Series},
   publisher={IOP Publishing},
   author={Mertens, Susanne},
   year={2016},
   month={May},
   pages={022013}
}


% Citation 5 
% Neutrino solar masses hierchy and other one 

@article{PhysRevD.89.013001,
  title = {Neutrino mass hierarchy and electron neutrino oscillation parameters with one hundred thousand reactor events},
  author = {Capozzi, F. and Lisi, E. and Marrone, A.},
  journal = {Phys. Rev. D},
  volume = {89},
  issue = {1},
  pages = {013001},
  numpages = {19},
  year = {2014},
  month = {Jan},
  publisher = {American Physical Society},
  doi = {10.1103/PhysRevD.89.013001},
  url = {https://link.aps.org/doi/10.1103/PhysRevD.89.013001}
}


% Citation 6 
% FCNCs citing they are always small and supressed from introduction 

@article{ILYUSHIN2020114921,
title = "Constraints on the Higgs boson anomalous FCNC interactions with light quarks",
journal = "Nuclear Physics B",
volume = "952",
pages = "114921",
year = "2020",
issn = "0550-3213",
doi = "https://doi.org/10.1016/j.nuclphysb.2020.114921",
url = "http://www.sciencedirect.com/science/article/pii/S0550321320300079",
author = "M. Ilyushin and P. Mandrik and S. Slabospitskii"
}

% Citation 7 
% Higgs Couplings 

@incollection{10.1093/ptep/ptaa104,
    author = {Particle Data Group et all},
    booktitle = "{Review of Particle Physics}",
    title = "{ Status of Higgs Boson Physics }" ,  
    journal = {Progress of Theoretical and Experimental Physics},
    volume = {2020},
    year = {2020},
    month = {08},
    chapter = {11},
    issn = {2050-3911},
    doi = {10.1093/ptep/ptaa104},
    url = {https://doi.org/10.1093/ptep/ptaa104},
    note = {083C01},
    publisher ="{ PDG }", 
    eprint = {https://pdg.lbl.gov/2019/reviews/rpp2018-rev-higgs-boson.pdf},
}

% Citation 8
% symmetry emily 

@article{doi:10.1080/00411457108231446,
author = { Emmy   Noether },
title = {Invariant variation problems},
journal = {Transport Theory and Statistical Physics},
volume = {1},
number = {3},
pages = {186-207},
year  = {1971},
publisher = {Taylor & Francis},
doi = {10.1080/00411457108231446},
URL = {https://doi.org/10.1080/00411457108231446},
eprint = {https://doi.org/10.1080/00411457108231446}
}
º

% Citation 9 
% EW Gauge theory from salam, the quote. 

@article{Salam1961,
  doi = {10.1007/bf02812723},
  url = {https://doi.org/10.1007/bf02812723},
  year = {1961},
  month = jan,
  publisher = {Springer Science and Business Media {LLC}},
  volume = {19},
  number = {1},
  pages = {165--170},
  author = {A. Salam and J. C. Ward},
  title = {On a gauge theory of elementary interactions},
  journal = {Il Nuovo Cimento}
}

% Citation 10 
% 

@article{higgs1964broken,
  title={Broken symmetries and the masses of gauge bosons},
  author={Higgs, Peter W},
  journal={Physical Review Letters},
  volume={13},
  number={16},
  pages={508},
  year={1964},
  publisher={APS}
}

% Citation 11 
% 

@article{politzer1973reliable,
  title={Reliable perturbative results for strong interactions?},
  author={Politzer, H David},
  journal={Physical Review Letters},
  volume={30},
  number={26},
  pages={1346},
  year={1973},
  publisher={APS}
}


% Citation 12 
%

@book{Quigg:1983gw,
    publisher = "Princeton University Press",
    author = "Quigg, C.",
    title = "{GAUGE THEORIES OF THE STRONG, WEAK AND ELECTROMAGNETIC INTERACTIONS}",
    isbn = "978-0-8053-6020-2",
    volume = "56",
    year = "1983"
}

% Citation 13 
% 

@article{Tanabashi2018,
  doi = {10.1103/physrevd.98.030001},
  url = {https://doi.org/10.1103/physrevd.98.030001},
  year = {2018},
  month = aug,
  publisher = {American Physical Society ({APS})},
  volume = {98},
  number = {3},
  author = {M. Tanabashi et alii},
  title = {Review of Particle Physics},
  journal = {Physical Review D}
}

% Citation 14 
% 

@article{glashow1970weak,
  title={Weak interactions with lepton-hadron symmetry},
  author={Glashow, Sheldon L and Iliopoulos, Jean and Maiani, Luciano},
  journal={Physical review D},
  volume={2},
  number={7},
  pages={1285},
  year={1970},
  publisher={APS}
}

% Citation 15 
% Another flavor thing

@incollection{CasteloBranco2014,
  doi = {10.1007/978-3-319-12238-0_4},
  url = {https://doi.org/10.1007/978-3-319-12238-0_4},
  year = {2014},
  month = dec,
  publisher = {Springer International Publishing},
  pages = {145--186},
  author = {Gustavo Castelo-Branco and David Emmanuel-Costa},
  title = {Flavour Physics and CP Violation in the Standard Model and Beyond},
  booktitle = {Springer Proceedings in Physics}
}

% Citation 16
%Flavour Lepton Violation 

@article{Graverini2019,
  doi = {10.1088/1742-6596/1137/1/012025},
  url = {https://doi.org/10.1088/1742-6596/1137/1/012025},
  year = {2019},
  month = jan,
  publisher = {{IOP} Publishing},
  volume = {1137},
  pages = {012025},
  author = {Elena Graverini and},
  title = {Flavour anomalies: a review},
  journal = {Journal of Physics: Conference Series}
}

% Citation 17 
% Lepton violation in Higgs decays

@article{Sirunyan_2018,
   title={Search for lepton flavour violating decays of the Higgs boson to $\mu \tau$ and $e \tau$ in proton-proton collisions at s=13 $\sqrt s =13$ TeV},
   volume={2018},
   ISSN={1029-8479},
   url={http://dx.doi.org/10.1007/JHEP06(2018)001},
   DOI={10.1007/jhep06(2018)001},
   number={6},
   journal={Journal of High Energy Physics},
   publisher={Springer Science and Business Media LLC},
   author={Sirunyan, A. M. and Tumasyan, A. and Adam, W. and Ambrogi, F. and Asilar, E. and Bergauer, T. and Brandstetter, J. and Brondolin, E. and Dragicevic, M. and et al.},
   year={2018},
   month={Jun}
}

% Citation 18
% Some miss aligned garbage decay 1 

@article{DAmico2017,
  doi = {10.1007/jhep09(2017)010},
  url = {https://doi.org/10.1007/jhep09(2017)010},
  year = {2017},
  month = sep,
  publisher = {Springer Science and Business Media {LLC}},
  volume = {2017},
  number = {9},
  author = {Guido D'Amico and Marco Nardecchia and Paolo Panci and Francesco Sannino and Alessandro Strumia and Riccardo Torre and Alfredo Urbano},
  title = {Flavour anomalies after the R K $\ast$ measurement},
  journal = {Journal of High Energy Physics}
}

% Citation 19
% Some miss aligned garbage decay 2 

@article{Hu2019,
  doi = {10.1140/epjc/s10052-019-6766-8},
  url = {https://doi.org/10.1140/epjc/s10052-019-6766-8},
  year = {2019},
  publisher = {Springer Science and Business Media {LLC}},
  volume = {79},
  number = {3},
  author = {Quan-Yi Hu and Xin-Qiang Li and Ya-Dong Yang},
  title = { $b \rightarrow c \tau \nu$ transitions in the standard model effective field theory},
  journal = {The European Physical Journal C}
}

% Citation 20
% why is it clean 

@article{Fajfer_2012,
   title={B→D*$\tau \nu^- \tau$ sensitivity to new physics},
   volume={85},
   ISSN={1550-2368},
   url={http://dx.doi.org/10.1103/PhysRevD.85.094025},
   DOI={10.1103/physrevd.85.094025},
   number={9},
   journal={Physical Review D},
   publisher={American Physical Society (APS)},
   author={Fajfer, Svjetlana and Kamenik, Jernej F. and Nišandžić, Ivan},
   year={2012},
   month={May}
}

% Citation 21
% 

@article{Alonso_2017,
   title={Lifetime of Bc -  Mesons Constrains Explanations for Anomalies in $B\rightarrow D(*)\tau\nu$},
   volume={118},
   ISSN={1079-7114},
   url={http://dx.doi.org/10.1103/PhysRevLett.118.081802},
   DOI={10.1103/physrevlett.118.081802},
   number={8},
   journal={Physical Review Letters},
   publisher={American Physical Society (APS)},
   author={Alonso, Rodrigo and Grinstein, Benjamín and Martin Camalich, Jorge},
   year={2017},
   month={Feb}
}


% Citation 22 
% 

@article{Wei_2009,
   title={Measurement of the Differential Branching Fraction and Forward-Backward Asymmetry for $B\rightarrow K(*)l+l-$},
   volume={103},
   ISSN={1079-7114},
   url={http://dx.doi.org/10.1103/PhysRevLett.103.171801},
   DOI={10.1103/physrevlett.103.171801},
   number={17},
   journal={Physical Review Letters},
   publisher={American Physical Society (APS)},
   author={Wei, J. T. and Chang, P. and Adachi, I. and Aihara, H. and Aulchenko, V. and Aushev, T. and Bakich, A. M. and Balagura, V. and Barberio, E. and Bondar, A. and et al.},
   year={2009},
   month={Oct}
}

% Extra Yukawas 

@article{PhysRevLett.13.138,
  title = {Evidence for the $2 \pi$ Decay of the $K_2^0$ Meson},
  author = {Christenson, J. H. and Cronin, J. W. and Fitch, V. L. and Turlay, R.},
  journal = {Phys. Rev. Lett.},
  volume = {13},
  issue = {4},
  pages = {138--140},
  numpages = {0},
  year = {1964},
  month = {Jul},
  publisher = {American Physical Society},
  doi = {10.1103/PhysRevLett.13.138},
  url = {https://link.aps.org/doi/10.1103/PhysRevLett.13.138}
}

@misc{NobelPrize:1980-Physics,
  author = {Foundation, Nobel},
  title = {The Nobel Prize in Physics},
  url = {https://www.nobelprize.org/prizes/physics/1980/press-release/},
  year = 1979
}



% Citation 22 

@article{Mohapatra:1980qe,
      author         = "Mohapatra, Rabindra N. and Marshak, R. E.",
      title          = "{Local B-L Symmetry of Electroweak Interactions, Majorana Neutrinos and Neutron Oscillations}",
      journal        = "Phys. Rev. Lett.",
      volume         = "44",
      year           = "1980",
      pages          = "1316-1319",
      doi            = "10.1103/PhysRevLett.44.1644.2, 10.1103/PhysRevLett.44.1316",
      note           = "[Erratum: Phys. Rev. Lett.44,1643(1980)]",
      reportNumber   = "VPI-HEP-80/1",
      SLACcitation   = "%%CITATION = PRLTA,44,1316;%%"
}

% Citation 23 


@article{Yanagida:1979as,
      author         = "Yanagida, Tsutomu",
      title          = "{Horizontal gauge symmetry and masses of neutrinos}",
      booktitle      = "{Proceedings: Workshop on the Unified Theories and the Baryon Number in the Universe: Tsukuba, Japan, February 13-14, 1979}",
      journal        = "Conf. Proc.",
      volume         = "C7902131",
      year           = "1979",
      pages          = "95-99",
      reportNumber   = "KEK-79-18-95",
      SLACcitation   = "%%CITATION = CONFP,C7902131,95;%%"
}

% Citation 24 
% Repeated

@article{Tanabashi:2018oca,
      author         = "Tanabashi, M. and others",
      title          = "{Review of Particle Physics}",
      collaboration  = "Particle Data Group",
      journal        = "Phys. Rev.",
      volume         = "D98",
      year           = "2018",
      number         = "3",
      pages          = "030001",
      doi            = "10.1103/PhysRevD.98.030001",
      SLACcitation   = "%%CITATION = PHRVA,D98,030001;%%"
}


% Citation 25 

@article{Degrassi:2012ry,
      author         = "Degrassi, Giuseppe and Di Vita, Stefano and Elias-Miro, Joan and Espinosa, Jose R. and Giudice, Gian F. and Isidori, Gino and Strumia, Alessandro",
      title          = "Higgs mass and vacuum stability in the Standard Model at NNLO",
      journal        = "JHEP",
      volume         = "08",
      year           = "2012",
      pages          = "098",
      doi            = "10.1007/JHEP08(2012)098",
      eprint         = "1205.6497",
      archivePrefix  = "arXiv",
      primaryClass   = "hep-ph",
      reportNumber   = "CERN-PH-TH-2012-134, RM3-TH-12-9",
      SLACcitation   = "%%CITATION = ARXIV:1205.6497;%%"
}

% Citation 26 

@article{Chanowitz:1977ye,
      author         = "Chanowitz, Michael S. and Ellis, John R. and Gaillard,Mary K.",
      title          = "{The Price of Natural Flavor Conservation in Neutral Weak Interactions}",
      journal        = "Nucl. Phys.",
      volume         = "B128",
      year           = "1977",
      pages          = "506-536",
      doi            = "10.1016/0550-3213(77)90057-8",
      reportNumber   = "CERN-TH-2312",
      SLACcitation   = "%%CITATION = NUPHA,B128,506;%%"
}

% Citation 27 

@article{Achiman:1978vg,
      author         = "Achiman, Yoav and Stech, Berthold",
      title          = "{Quark Lepton Symmetry and Mass Scales in an E6 Unified Gauge Model}",
      journal        = "Phys. Lett.",
      volume         = "77B",
      year           = "1978",
      pages          = "389-393",
      doi            = "10.1016/0370-2693(78)90584-1",
      reportNumber   = "HD-THEP-78-6, WU B-78-20",
      SLACcitation   = "%%CITATION = PHLTA,77B,389;%%"
}

% Citation 28 


@article{Barger:2008jx,
      author         = "Barger, Vernon and Langacker, Paul and McCaskey, Mathew and Ramsey-Musolf, Michael and Shaughnessy, Gabe",
      title          = "{Complex Singlet Extension of the Standard Model}",
      journal        = "Phys. Rev.",
      volume         = "D79",
      year           = "2009",
      pages          = "015018",
      doi            = "10.1103/PhysRevD.79.015018",
      eprint         = "0811.0393",
      archivePrefix  = "arXiv",
      primaryClass   = "hep-ph",
      reportNumber   = "MADPH-08-1516, NUHEP-TH-08-06, ANL-HEP-PR-08-58, NPAC-08-21",
      SLACcitation   = "%%CITATION = ARXIV:0811.0393;%%"
}

% Citation 29 

@article{Abbott2020,
  doi = {10.1007/s41114-020-00026-9},
  url = {https://doi.org/10.1007/s41114-020-00026-9},
  year = {2020},
  month = sep,
  publisher = {Springer Science and Business Media {LLC}},
  volume = {23},
  number = {1},
  author = {B. P. Abbott and  et all},
  title = {Prospects for observing and localizing gravitational-wave transients with Advanced LIGO,  Advanced Virgo and KAGRA },
  journal = {Living Reviews in Relativity}
}

% Citation 30 

@article{Kaneta:2016vkq,
      author         = "Kaneta, Kunio and Kang, Zhaofeng and Lee, Hye-Sung",
      title          = "{Right-handed neutrino dark matter under the $B-L$ gauge interaction}",
      journal        = "JHEP",
      volume         = "02",
      year           = "2017",
      pages          = "031",
      doi            = "10.1007/JHEP02(2017)031",
      eprint         = "1606.09317",
      archivePrefix  = "arXiv",
      primaryClass   = "hep-ph",
      reportNumber   = "CTPU-16-17",
      SLACcitation   = "%%CITATION = ARXIV:1606.09317;%%"
}

% Citation 31 

@article{Okada:2018ktp,
      author         = "Okada, Satomi",
      title          = "{$Z'$ Portal Dark Matter in the Minimal $B-L$ Model}",
      journal        = "Adv. High Energy Phys.",
      volume         = "2018",
      year           = "2018",
      pages          = "5340935",
      doi            = "10.1155/2018/5340935",
      eprint         = "1803.06793",
      archivePrefix  = "arXiv",
      primaryClass   = "hep-ph",
      SLACcitation   = "%%CITATION = ARXIV:1803.06793;%%"
}

% Citation 32 

@article{Fukugita:1986hr,
      author         = "Fukugita, M. and Yanagida, T.",
      title          = "{Baryogenesis Without Grand Unification}",
      journal        = "Phys. Lett.",
      volume         = "B174",
      year           = "1986",
      pages          = "45-47",
      doi            = "10.1016/0370-2693(86)91126-3",
      reportNumber   = "RIFP-641",
      SLACcitation   = "%%CITATION = PHLTA,B174,45;%%"
}

% Citation 33 

@article{Bandyopadhyay_2018,
   title={Reappraisal of constraints on Z$^\prime$ models from unitarity and direct searches at the LHC},
   volume={98},
   ISSN={2470-0029},
   url={http://dx.doi.org/10.1103/PhysRevD.98.035027},
   DOI={10.1103/physrevd.98.035027},
   number={3},
   journal={Physical Review D},
   publisher={American Physical Society (APS)},
   author={Bandyopadhyay, Triparno and Bhattacharyya, Gautam and Das, Dipankar and Raychaudhuri, Amitava},
   year={2018},
   month={Aug}
}

% Citation 34 

@article{Khalil:2010iu,
      author         = "Khalil, Shaaban",
      title          = "{TeV-scale gauged B-L symmetry with inverse seesaw mechanism}",
      journal        = "Phys. Rev.",
      volume         = "D82",
      year           = "2010",
      pages          = "077702",
      doi            = "10.1103/PhysRevD.82.077702",
      eprint         = "1004.0013",
      archivePrefix  = "arXiv",
      primaryClass   = "hep-ph",
      SLACcitation   = "%%CITATION = ARXIV:1004.0013;%%"
}


% Citation 35

@article{Deppisch:2019ldi,
      author         = "Deppisch, Frank F. and Kulkarni, Suchita and Liu, Wei",
      title          = "{Searching for a light $Z\prime$ through Higgs production at the LHC}",
      journal        = "Phys. Rev.",
      volume         = "D100",
      year           = "2019",
      number         = "11",
      pages          = "115023",
      doi            = "10.1103/PhysRevD.100.115023",
      eprint         = "1908.11741",
      archivePrefix  = "arXiv",
      primaryClass   = "hep-ph",
      SLACcitation   = "%%CITATION = ARXIV:1908.11741;%%"
}

% Citation 36 

@article{Aaboud:2017buh,
      author         = "Aaboud, Morad and others",
      title          = "{Search for new high-mass phenomena in the dilepton final state using 36 fb$^{-1}$ of proton-proton collision data at $ \sqrt{s}=13 $ TeV with the ATLAS detector}",
      collaboration  = "ATLAS",
      journal        = "JHEP",
      volume         = "10",
      year           = "2017",
      pages          = "182",
      doi            = "10.1007/JHEP10(2017)182",
      eprint         = "1707.02424",
      archivePrefix  = "arXiv",
      primaryClass   = "hep-ex",
      reportNumber   = "CERN-EP-2017-119",
      SLACcitation   = "%%CITATION = ARXIV:1707.02424;%%"
}

% Citation 38 

@article{Czarnecki:2001pv,
      author         = "Czarnecki, Andrzej and Marciano, William J.",
      title          = "{The Muon anomalous magnetic moment: A Harbinger for 'new physics'}",
      journal        = "Phys. Rev.",
      volume         = "D64",
      year           = "2001",
      pages          = "013014",
      doi            = "10.1103/PhysRevD.64.013014",
      eprint         = "hep-ph/0102122",
      archivePrefix  = "arXiv",
      primaryClass   = "hep-ph",
      reportNumber   = "ALBERTA-THY-03-01, BNL-HET-01-4",
      SLACcitation   = "%%CITATION = HEP-PH/0102122;%%"
}

% Citation 39 

@article{Yang:2018guw,
      author         = "Yang, Jin-Lei and Feng, Tai-Fu and Yan, Yu-Li and Li, Wei and Zhao, Shu-Min and Zhang, Hai-Bin",
      title          = "{Lepton-flavor violation and two loop electroweak corrections to $(g-2)_\mu$ in the B-L symmetric SSM}",
      journal        = "Phys. Rev.",
      volume         = "D99",
      year           = "2019",
      number         = "1",
      pages          = "015002",
      doi            = "10.1103/PhysRevD.99.015002",
      eprint         = "1812.03860",
      archivePrefix  = "arXiv",
      primaryClass   = "hep-ph",
      SLACcitation   = "%%CITATION = ARXIV:1812.03860;%%"
}

% Citation 40

@article{Porod:2011nf,
      author         = "Porod, W. and Staub, F.",
      title          = "{SPheno 3.1: Extensions including flavour, CP-phases and models beyond the MSSM}",
      journal        = "Comput. Phys. Commun.",
      volume         = "183",
      year           = "2012",
      pages          = "2458-2469",
      doi            = "10.1016/j.cpc.2012.05.021",
      eprint         = "1104.1573",
      archivePrefix  = "arXiv",
      primaryClass   = "hep-ph",
      SLACcitation   = "%%CITATION = ARXIV:1104.1573;%%"
}

% Citation 41 

@article{Staub:2013tta,
      author         = "Staub, Florian",
      title          = "{SARAH 4 : A tool for (not only SUSY) model builders}",
      journal        = "Comput. Phys. Commun.",
      volume         = "185",
      year           = "2014",
      pages          = "1773-1790",
      doi            = "10.1016/j.cpc.2014.02.018",
      eprint         = "1309.7223",
      archivePrefix  = "arXiv",
      primaryClass   = "hep-ph",
      reportNumber   = "BONN-TH-2013-17",
      SLACcitation   = "%%CITATION = ARXIV:1309.7223;%%"
}

% Citation 42 

@article{Bechtle:2013wla,
      author         = "Bechtle, Philip and Brein, Oliver and Heinemeyer, Sven and Stål, Oscar and Stefaniak, Tim and Weiglein, Georg and Williams, Karina E.",
      title          = "{$\mathsf{HiggsBounds}-4$: Improved Tests of Extended Higgs Sectors against Exclusion Bounds from LEP, the Tevatron and the LHC}",
      journal        = "Eur. Phys. J.",
      volume         = "C74",
      year           = "2014",
      number         = "3",
      pages          = "2693",
      doi            = "10.1140/epjc/s10052-013-2693-2",
      eprint         = "1311.0055",
      archivePrefix  = "arXiv",
      primaryClass   = "hep-ph",
      reportNumber   = "BONN-TH-2013-21, DESY-13-110",
      SLACcitation   = "%%CITATION = ARXIV:1311.0055;%%"
}

% Citation 43 

@article{Bechtle:2013xfa,
      author         = "Bechtle, Philip and Heinemeyer, Sven and Stål, Oscar and Stefaniak, Tim and Weiglein, Georg",
      title          = "{$HiggsSignals$: Confronting arbitrary Higgs sectors with measurements at the Tevatron and the LHC}",
      journal        = "Eur. Phys. J.",
      volume         = "C74",
      year           = "2014",
      number         = "2",
      pages          = "2711",
      doi            = "10.1140/epjc/s10052-013-2711-4",
      eprint         = "1305.1933",
      archivePrefix  = "arXiv",
      primaryClass   = "hep-ph",
      reportNumber   = "BONN-TH-2013-07, DESY-13-078",
      SLACcitation   = "%%CITATION = ARXIV:1305.1933;%%"
}

% Citation 44 

@article{Alwall:2014hca,
      author         = "Alwall, J. and Frederix, R. and Frixione, S. and Hirschi, V. and Maltoni, F. and Mattelaer, O. and Shao, H. -S. and Stelzer, T. and Torrielli, P. and Zaro, M.",
      title          = "{The automated computation of tree-level and next-to-leading order differential cross sections, and their matching to parton shower simulations}",
      journal        = "JHEP",
      volume         = "07",
      year           = "2014",
      pages          = "079",
      doi            = "10.1007/JHEP07(2014)079",
      eprint         = "1405.0301",
      archivePrefix  = "arXiv",
      primaryClass   = "hep-ph",
      reportNumber   = "CERN-PH-TH-2014-064, CP3-14-18, LPN14-066, MCNET-14-09, ZU-TH-14-14",
      SLACcitation   = "%%CITATION = ARXIV:1405.0301;%%"
}


% Citation 45
% S T U ciation

@article{Peskin1992,
  doi = {10.1103/physrevd.46.381},
  url = {https://doi.org/10.1103/physrevd.46.381},
  year = {1992},
  month = jul,
  publisher = {American Physical Society ({APS})},
  volume = {46},
  number = {1},
  pages = {381--409},
  author = {Michael E. Peskin and Tatsu Takeuchi},
  title = {Estimation of oblique electroweak corrections},
  journal = {Physical Review D}
}

% Citation 46

@article{Costa:2014qga,
      author         = "Costa, Raul and Morais, António P. and Sampaio, Marco O.P. and Santos, Rui",
      title          = "{Two-loop stability of a complex singlet extended Standard Model}",
      journal        = "Phys. Rev.",
      volume         = "D92",
      year           = "2015",
      pages          = "025024",
      doi            = "10.1103/PhysRevD.92.025024",
      eprint         = "1411.4048",
      archivePrefix  = "arXiv",
      primaryClass   = "hep-ph",
      SLACcitation   = "%%CITATION = ARXIV:1411.4048;%%"
}


% Citation 47 

@article{Baak_2012,
   title={Updated status of the global electroweak fit and constraints on new physics},
   volume={72},
   ISSN={1434-6052},
   url={http://dx.doi.org/10.1140/epjc/s10052-012-2003-4},
   DOI={10.1140/epjc/s10052-012-2003-4},
   number={5},
   journal={The European Physical Journal C},
   publisher={Springer Science and Business Media LLC},
   author={Baak, M. and Goebel, M. and Haller, J. and Hoecker, A. and Kennedy, D. and Mönig, K. and Schott, M. and Stelzer, J.},
   year={2012},
   month={May}
}

% Citation 48 

@article{Freitas:2014pua,
      author         = "Freitas, Ayres and Lykken, Joseph and Kell, Stefan and Westhoff, Susanne",
      title          = "{Testing the Muon g-2 Anomaly at the LHC}",
      journal        = "JHEP",
      volume         = "05",
      year           = "2014",
      pages          = "145",
      doi            = "10.1007/JHEP09(2014)155, 10.1007/JHEP05(2014)145",
      note           = "[Erratum: JHEP09,155(2014)]",
      eprint         = "1402.7065",
      archivePrefix  = "arXiv",
      primaryClass   = "hep-ph",
      reportNumber   = "FERMILAB-PUB-14-038-T",
      SLACcitation   = "%%CITATION = ARXIV:1402.7065;%%"
}


% Citation 49 

@article{Barr:1990vd,
      author         = "Barr, Stephen M. and Zee, A.",
      title          = "{Electric Dipole Moment of the Electron and of the
                        Neutron}",
      journal        = "Phys. Rev. Lett.",
      volume         = "65",
      year           = "1990",
      pages          = "21-24",
      doi            = "10.1103/PhysRevLett.65.2920, 10.1103/PhysRevLett.65.21",
      note           = "[Erratum: Phys. Rev. Lett.65,2920(1990)]",
      reportNumber   = "NSF-ITP-90-46",
      SLACcitation   = "%%CITATION = PRLTA,65,21;%%"
}

% Citation 50 

@article{Ilisie:2015tra,
      author         = "Ilisie, Victor",
      title          = "{New Barr-Zee contributions to $\mathbf{(g-2)_\mu}$ in
                        two-Higgs-doublet models}",
      journal        = "JHEP",
      volume         = "04",
      year           = "2015",
      pages          = "077",
      doi            = "10.1007/JHEP04(2015)077",
      eprint         = "1502.04199",
      archivePrefix  = "arXiv",
      primaryClass   = "hep-ph",
      reportNumber   = "FTUV-15-0213, IFIC-15-09",
      SLACcitation   = "%%CITATION = ARXIV:1502.04199;%%"
}


% Citation 51 

@article{Feng:2009gn,
      author         = "Feng, Tai-Fu and Yang, Xiu-Yi",
      title          = "{Renormalization and two loop electroweak corrections to
                        lepton anomalous dipole moments in the standard model and
                        beyond (I): Heavy fermion contributions}",
      journal        = "Nucl. Phys.",
      volume         = "B814",
      year           = "2009",
      pages          = "101-141",
      doi            = "10.1016/j.nuclphysb.2009.01.012",
      eprint         = "0901.1686",
      archivePrefix  = "arXiv",
      primaryClass   = "hep-ph",
      SLACcitation   = "%%CITATION = ARXIV:0901.1686;%%"
}


% Citation 52

@misc{Ludvig_Thesis,
  author       = {Ludvig Siwe}, 
  title        = {Using Neural Networks to Probe the Parameter Space of a 3HDM with a $U(1) \times Z_2$ Flavor Symmetry},
  school       = {Lund University},
  year         = 2020,
  month        = 7
}

% Citation 53 

@misc{Ian_Thesis,
  author       = {Padilla, Ian},
  title        = {Phenomenology of a Three Higgs Doublet Model with a $U(1) \times Z_2$ flavour symmetry},
  year         = {2019},
  school       = {Lund University},
  month        = 7
}

% Citation 54 

@misc{straub2018flavio,
      title={flavio: a Python package for flavour and precision phenomenology in the Standard Model and beyond}, 
      author={David M. Straub},
      year={2018},
      eprint={1810.08132},
      archivePrefix={arXiv},
      primaryClass={hep-ph}
}

% Citation 55 

@misc{das2015implications,
      title={Implications Of The Higgs Discovery On Physics Beyond The Standard Model}, 
      author={Dipankar Das},
      year={2015},
      eprint={1511.02195},
      archivePrefix={arXiv},
      primaryClass={hep-ph}
}


% Citation 56 

@article{Aad_2020,
   title={Combined measurements of Higgs boson production and decay using up to 80 fb-1 of proton-proton collision data at s=13 TeV collected with the ATLAS experiment},
   volume={101},
   ISSN={2470-0029},
   url={http://dx.doi.org/10.1103/PhysRevD.101.012002},
   DOI={10.1103/physrevd.101.012002},
   number={1},
   journal={Physical Review D},
   publisher={American Physical Society (APS)},
   author={Aad, G. and Abbott, B. and Abbott, D. C. and Abdinov, O. and Abed Abud, A. and Abeling, K. and Abhayasinghe, D. K. and Abidi, S. H. and AbouZeid, O. S. and Abraham, N. L. and et al.},
   year={2020},
   month={Jan}
}

% Citation 57 
% Repeated! Branco_1996

% Citation 58 

@article{Moretti_2015,
   title={Constraints on parameter space from perturbative unitarity in models with three scalar doublets},
   volume={91},
   ISSN={1550-2368},
   url={http://dx.doi.org/10.1103/PhysRevD.91.055022},
   DOI={10.1103/physrevd.91.055022},
   number={5},
   journal={Physical Review D},
   publisher={American Physical Society (APS)},
   author={Moretti, Stefano and Yagyu, Kei},
   year={2015},
   month={Mar}
}


% Citation 59
%Repeated! Baak_2012



% Citation 60-2

@article{Aad_2014,
   title={Search for Scalar Diphoton Resonances in the Mass Range 65–600 GeV with the ATLAS Detector inppCollision Data ats=8 TeV},
   volume={113},
   ISSN={1079-7114},
   url={http://dx.doi.org/10.1103/PhysRevLett.113.171801},
   DOI={10.1103/physrevlett.113.171801},
   number={17},
   journal={Physical Review Letters},
   publisher={American Physical Society (APS)},
   author={Aad, G. and Abbott, B. and Abdallah, J. and Abdel Khalek, S. and Abdinov, O. and Aben, R. and Abi, B. and Abolins, M. and AbouZeid, O. S. and Abramowicz, H. and et al.},
   year={2014},
   month={Oct}
}

@techreport{CMS-PAS-HIG-14-029,
      title         = "{Search for additional neutral Higgs bosons decaying to a pair of tau leptons in pp collisions at $\sqrt{s} = 7$ and 8 TeV}",
      institution   = "CERN",
      author = { CERN Colaborators }, 
      collaboration = "CMS Collaboration",
      address       = "Geneva",
      number        = "CMS-PAS-HIG-14-029",
      year          = "2015",
      reportNumber  = "CMS-PAS-HIG-14-029",
      url           = "https://cds.cern.ch/record/2041463",
}


@article{Khachatryan_2015,
   title={Search for diphoton resonances in the mass range from 150 to 850 GeV in pp collisions at s=8TeV},
   volume={750},
   ISSN={0370-2693},
   url={http://dx.doi.org/10.1016/j.physletb.2015.09.062},
   DOI={10.1016/j.physletb.2015.09.062},
   journal={Physics Letters B},
   publisher={Elsevier BV},
   author={Khachatryan, V. and Sirunyan, A.M. and Tumasyan, A. and Adam, W. and Asilar, E. and Bergauer, T. and Brandstetter, J. and Brondolin, E. and Dragicevic, M. and Erö, J. and et al.},
   year={2015},
   month={Nov},
   pages={494–519}
} 


% Extra from history 
% Citation 63

@article{Lee1973,
  doi = {10.1103/physrevd.8.1226},
  url = {https://doi.org/10.1103/physrevd.8.1226},
  year = {1973},
  month = aug,
  publisher = {American Physical Society ({APS})},
  volume = {8},
  number = {4},
  pages = {1226--1239},
  author = {T. D. Lee},
  title = {A Theory of {SpontaneousTViolation}},
  journal = {Physical Review D}
}

% Citation 64
@book{Branco:1999fs,
    author = "Branco, Gustavo C. and Lavoura, Luis and Silva, Joao P.",
    publisher = "Clarendon Press",
    title = "{CP Violation}",
    volume = "103",
    year = "1999"
}

% Citation 65
@misc{ferreira2019strong,
      title={No strong $CP$ violation up to the one-loop level in a two-Higgs-doublet model}, 
      author={P. M. Ferreira and L. Lavoura},
      year={2019},
      eprint={1904.08438},
      archivePrefix={arXiv},
      primaryClass={hep-ph}
}

%Citation 66 

@article{Jung_2011,
   title={ $B^- \rightarrow \chi s \gamma$ rate and CP asymmetry within the aligned two-Higgs-doublet model},
   volume={83},
   ISSN={1550-2368},
   url={http://dx.doi.org/10.1103/PhysRevD.83.074011},
   DOI={10.1103/physrevd.83.074011},
   number={7},
   journal={Physical Review D},
   publisher={American Physical Society (APS)},
   author={Jung, Martin and Pich, Antonio and Tuzón, Paula},
   year={2011},
   month={Apr}
}


% Citation 67

@article{Branco_1996,
   title={Relating the scalar flavour-changing neutral couplings to the CKM matrix},
   volume={380},
   ISSN={0370-2693},
   url={http://dx.doi.org/10.1016/0370-2693(96)00494-7},
   DOI={10.1016/0370-2693(96)00494-7},
   number={1-2},
   journal={Physics Letters B},
   publisher={Elsevier BV},
   author={Branco, G.C. and Grimus, W. and Lavoura, L.},
   year={1996},
   month={Jul},
   pages={119–126}
}


% Citation 68 

@article{Botella_2016,
   title={Flavour-changing Higgs couplings in a class of two Higgs doublet models},
   volume={76},
   ISSN={1434-6052},
   url={http://dx.doi.org/10.1140/epjc/s10052-016-3993-0},
   DOI={10.1140/epjc/s10052-016-3993-0},
   number={3},
   journal={The European Physical Journal C},
   publisher={Springer Science and Business Media LLC},
   author={Botella, F. J. and Branco, G. C. and Nebot, M. and Rebelo, M. N.},
   year={2016},
   month={Mar}
}

% Citation 69

@article{Weinberg1976,
  doi = {10.1103/physrevlett.37.657},
  url = {https://doi.org/10.1103/physrevlett.37.657},
  year = {1976},
  month = sep,
  publisher = {American Physical Society ({APS})},
  volume = {37},
  number = {11},
  pages = {657--661},
  author = {Steven Weinberg},
  title = {Gauge Theory {ofCPNonconservation}},
  journal = {Physical Review Letters}
}


% Citation 70 

@article{Branco_2012,
   title={Theory and phenomenology of two-Higgs-doublet models},
   volume={516},
   ISSN={0370-1573},
   url={http://dx.doi.org/10.1016/j.physrep.2012.02.002},
   DOI={10.1016/j.physrep.2012.02.002},
   number={1-2},
   journal={Physics Reports},
   publisher={Elsevier BV},
   author={Branco, G.C. and Ferreira, P.M. and Lavoura, L. and Rebelo, M.N. and Sher, Marc and Silva, João P.},
   year={2012},
   month={Jul},
   pages={1–102}
}

% Citation 71 

@article{Barroso_2006,
   title={Stability of the normal vacuum in multi-Higgs-doublet models},
   volume={74},
   ISSN={1550-2368},
   url={http://dx.doi.org/10.1103/PhysRevD.74.085016},
   DOI={10.1103/physrevd.74.085016},
   number={8},
   journal={Physical Review D},
   publisher={American Physical Society (APS)},
   author={Barroso, A. and Ferreira, P. M. and Santos, R. and Silva, João P.},
   year={2006},
   month={Oct}
}


% Citation 72 

@article{Ivanov_2008,
   title={Minkowski space structure of the Higgs potential in the two-Higgs-doublet model. II. Minima, symmetries, and topology},
   volume={77},
   ISSN={1550-2368},
   url={http://dx.doi.org/10.1103/PhysRevD.77.015017},
   DOI={10.1103/physrevd.77.015017},
   number={1},
   journal={Physical Review D},
   publisher={American Physical Society (APS)},
   author={Ivanov, I. P.},
   year={2008},
   month={Jan}
}



% Citation 73 

@article{Ivanov_2015,
   title={Symmetry breaking patterns in 3HDM},
   volume={2015},
   ISSN={1029-8479},
   url={http://dx.doi.org/10.1007/JHEP01(2015)021},
   DOI={10.1007/jhep01(2015)021},
   number={1},
   journal={Journal of High Energy Physics},
   publisher={Springer Science and Business Media LLC},
   author={Ivanov, I. P. and Nishi, C. C.},
   year={2015},
   month={Jan}
}


% Citation 74 


@article{Camargo_Molina_2018,
   title={Heavy charged scalars from $ c s $ fusion: a generic search strategy applied to a 3HDM with U(1) × U(1) family symmetry},
   volume={2018},
   ISSN={1029-8479},
   url={http://dx.doi.org/10.1007/JHEP03(2018)024},
   DOI={10.1007/jhep03(2018)024},
   number={3},
   journal={Journal of High Energy Physics},
   publisher={Springer Science and Business Media LLC},
   author={Camargo-Molina, José Eliel and Mandal, Tanumoy and Pasechnik, Roman and Wessén, Jonas},
   year={2018},
   month={Mar}
}

% Extra das conclusions 


@misc{freitas2020phenomenology,
      title={Phenomenology of vector-like leptons with Deep Learning at the Large Hadron Collider}, 
      author={Felipe F. Freitas and João Gonçalves and António P. Morais and Roman Pasechnik},
      year={2020},
      eprint={2010.01307},
      archivePrefix={arXiv},
      primaryClass={hep-ph}
}





