@article{Aad_2012,
   title={Observation of a new particle in the search for the Standard Model Higgs boson with the ATLAS detector at the LHC},
   volume={716},
   ISSN={0370-2693},
   url={http://dx.doi.org/10.1016/j.physletb.2012.08.020},
   DOI={10.1016/j.physletb.2012.08.020},
   number={1},
   journal={Physics Letters B},
   publisher={Elsevier BV},
   author={Aad, G. and Abajyan, T. and Abbott, B. and Abdallah, J. and Abdel Khalek, S. and Abdelalim, A.A. and Abdinov, O. and Aben, R. and Abi, B. and Abolins, M. and et al.},
   year={2012},
   month={Sep},
   pages={1–29}
} 

@article{chatrchyan2012observation,
  title={Observation of a new boson at a mass of 125 GeV with the CMS experiment at the LHC},
  author={Chatrchyan, Serguei and Khachatryan, Vardan and Sirunyan, Albert M and Tumasyan, Armen and Adam, Wolfgang and Aguilo, Ernest and Bergauer, Thomas and Dragicevic, M and Er, J and Fabjan, C and others},
  journal={Physics Letters B},
  volume={716},
  number={1},
  pages={30--61},
  year={2012},
  publisher={Elsevier}
}

@article{collaborations2015combined,
  title={Combined Measurement of the Higgs Boson Mass in pp Collisions at sqrt s = 7 and 8 TeV with the ATLAS and CMS Experiments},
  author={Collaborations, CMS and others},
  journal={arXiv preprint arXiv:1503.07589},
  year={2015}
}

@article{collaborations2016measurements,
  title={Measurements of the Higgs boson production and decay rates and constraints on its couplings from a combined ATLAS and CMS analysis of the LHC pp collision data at sqrt s = 7 and 8 TeV},
  author={Collaborations, CMS and others},
  journal={arXiv preprint arXiv:1606.02266},
  year={2016}
}

@article{lee1973theory,
  title={A theory of spontaneous T violation},
  author={Lee, TD},
  journal={Physical Review D},
  volume={8},
  number={4},
  pages={1226},
  year={1973},
  publisher={APS}
}

@book{branco1999cp,
  title={CP violation},
  author={Branco, Gustavo C and Lavoura, Luis and Silva, Joao Paulo},
  number={103},
  year={1999},
  publisher={Oxford University Press}
}


@article{Branco_2012,
   title={Theory and phenomenology of two-Higgs-doublet models},
   volume={516},
   ISSN={0370-1573},
   url={http://dx.doi.org/10.1016/j.physrep.2012.02.002},
   DOI={10.1016/j.physrep.2012.02.002},
   number={1-2},
   journal={Physics Reports},
   publisher={Elsevier BV},
   author={Branco, G.C. and Ferreira, P.M. and Lavoura, L. and Rebelo, M.N. and Sher, Marc and Silva, João P.},
   year={2012},
   month={Jul},
   pages={1–102}
}


@article{Ivanov_2017,
   title={Building and testing models with extended Higgs sectors},
   volume={95},
   ISSN={0146-6410},
   url={http://dx.doi.org/10.1016/j.ppnp.2017.03.001},
   DOI={10.1016/j.ppnp.2017.03.001},
   journal={Progress in Particle and Nuclear Physics},
   publisher={Elsevier BV},
   author={Ivanov, Igor P.},
   year={2017},
   month={Jul},
   pages={160–208}
}


@article{higgs1964broken,
  title={Broken symmetries and the masses of gauge bosons},
  author={Higgs, Peter W},
  journal={Physical Review Letters},
  volume={13},
  number={16},
  pages={508},
  year={1964},
  publisher={APS}
}


@article{englert1964broken,
  title={Broken symmetry and the mass of gauge vector mesons},
  author={Englert, Fran{\c{c}}ois and Brout, Robert},
  journal={Physical Review Letters},
  volume={13},
  number={9},
  pages={321},
  year={1964},
  publisher={APS}
}

@article{guralnik1964global,
  title={Global conservation laws and massless particles 1964 Phys},
  author={Guralnik, GS and Hagen, CR and Kibble, TWB},
  journal={Rev. Lett},
  volume={13},
  number={585},
  pages={169},
  year={1964}
}

@article{gross1973ultraviolet,
  title={Ultraviolet behavior of non-abelian gauge theories},
  author={Gross, David J and Wilczek, Frank},
  journal={Physical Review Letters},
  volume={30},
  number={26},
  pages={1343},
  year={1973},
  publisher={APS}
}

@article{politzer1973reliable,
  title={Reliable perturbative results for strong interactions?},
  author={Politzer, H David},
  journal={Physical Review Letters},
  volume={30},
  number={26},
  pages={1346},
  year={1973},
  publisher={APS}
}


@article{Tanabashi2018,
  doi = {10.1103/physrevd.98.030001},
  url = {https://doi.org/10.1103/physrevd.98.030001},
  year = {2018},
  month = aug,
  publisher = {American Physical Society ({APS})},
  volume = {98},
  number = {3},
  author = {M. Tanabashi and K. Hagiwara and K. Hikasa and K. Nakamura and Y. Sumino and F. Takahashi and J. Tanaka and K. Agashe and G. Aielli and C. Amsler and M. Antonelli and D.{\hspace{0.167em}}M. Asner and H. Baer and Sw. Banerjee and R.{\hspace{0.167em}}M. Barnett and T. Basaglia and C.{\hspace{0.167em}}W. Bauer and J.{\hspace{0.167em}}J. Beatty and V.{\hspace{0.167em}}I. Belousov and J. Beringer and S. Bethke and A. Bettini and H. Bichsel and O. Biebel and K.{\hspace{0.167em}}M. Black and E. Blucher and O. Buchmuller and V. Burkert and M.{\hspace{0.167em}}A. Bychkov and R.{\hspace{0.167em}}N. Cahn and M. Carena and A. Ceccucci and A. Cerri and D. Chakraborty and M.-C. Chen and R.{\hspace{0.167em}}S. Chivukula and G. Cowan and O. Dahl and G. D'Ambrosio and T. Damour and D. de Florian and A. de Gouv{\^{e}}a and T. DeGrand and P. de Jong and G. Dissertori and B.{\hspace{0.167em}}A. Dobrescu and M. D'Onofrio and M. Doser and M. Drees and H.{\hspace{0.167em}}K. Dreiner and D.{\hspace{0.167em}}A. Dwyer and P. Eerola and S. Eidelman and J. Ellis and J. Erler and V.{\hspace{0.167em}}V. Ezhela and W. Fetscher and B.{\hspace{0.167em}}D. Fields and R. Firestone and B. Foster and A. Freitas and H. Gallagher and L. Garren and H.-J. Gerber and G. Gerbier and T. Gershon and Y. Gershtein and T. Gherghetta and A.{\hspace{0.167em}}A. Godizov and M. Goodman and C. Grab and A.{\hspace{0.167em}}V. Gritsan and C. Grojean and D.{\hspace{0.167em}}E. Groom and M. Gr\"{u}newald and A. Gurtu and T. Gutsche and H.{\hspace{0.167em}}E. Haber and C. Hanhart and S. Hashimoto and Y. Hayato and K.{\hspace{0.167em}}G. Hayes and A. Hebecker and S. Heinemeyer and B. Heltsley and J.{\hspace{0.167em}}J. Hern{\'{a}}ndez-Rey and J. Hisano and A. H\"{o}cker and J. Holder and A. Holtkamp and T. Hyodo and K.{\hspace{0.167em}}D. Irwin and K.{\hspace{0.167em}}F. Johnson and M. Kado and M. Karliner and U.{\hspace{0.167em}}F. Katz and S.{\hspace{0.167em}}R. Klein and E. Klempt and R.{\hspace{0.167em}}V. Kowalewski and F. Krauss and M. Kreps and B. Krusche and Yu.{\hspace{0.167em}}V. Kuyanov and Y. Kwon and O. Lahav and J. Laiho and J. Lesgourgues and A. Liddle and Z. Ligeti and C.-J. Lin and C. Lippmann and T.{\hspace{0.167em}}M. Liss and L. Littenberg and K.{\hspace{0.167em}}S. Lugovsky and S.{\hspace{0.167em}}B. Lugovsky and A. Lusiani and Y. Makida and F. Maltoni and T. Mannel and A.{\hspace{0.167em}}V. Manohar and W.{\hspace{0.167em}}J. Marciano and A.{\hspace{0.167em}}D. Martin and A. Masoni and J. Matthews and U.-G. Mei{\ss}ner and D. Milstead and R.{\hspace{0.167em}}E. Mitchell and K. M\"{o}nig and P. Molaro and F. Moortgat and M. Moskovic and H. Murayama and M. Narain and P. Nason and S. Navas and M. Neubert and P. Nevski and Y. Nir and K.{\hspace{0.167em}}A. Olive and S. Pagan Griso and J. Parsons and C. Patrignani and J.{\hspace{0.167em}}A. Peacock and M. Pennington and S.{\hspace{0.167em}}T. Petcov and V.{\hspace{0.167em}}A. Petrov and E. Pianori and A. Piepke and A. Pomarol and A. Quadt and J. Rademacker and G. Raffelt and B.{\hspace{0.167em}}N. Ratcliff and P. Richardson and A. Ringwald and S. Roesler and S. Rolli and A. Romaniouk and L.{\hspace{0.167em}}J. Rosenberg and J.{\hspace{0.167em}}L. Rosner and G. Rybka and R.{\hspace{0.167em}}A. Ryutin and C.{\hspace{0.167em}}T. Sachrajda and Y. Sakai and G.{\hspace{0.167em}}P. Salam and S. Sarkar and F. Sauli and O. Schneider and K. Scholberg and A.{\hspace{0.167em}}J. Schwartz and D. Scott and V. Sharma and S.{\hspace{0.167em}}R. Sharpe and T. Shutt and M. Silari and T. Sj\"{o}strand and P. Skands and T. Skwarnicki and J.{\hspace{0.167em}}G. Smith and G.{\hspace{0.167em}}F. Smoot and S. Spanier and H. Spieler and C. Spiering and A. Stahl and S.{\hspace{0.167em}}L. Stone and T. Sumiyoshi and M.{\hspace{0.167em}}J. Syphers and K. Terashi and J. Terning and U. Thoma and R.{\hspace{0.167em}}S. Thorne and L. Tiator and M. Titov and N.{\hspace{0.167em}}P. Tkachenko and N.{\hspace{0.167em}}A. T\"{o}rnqvist and D.{\hspace{0.167em}}R. Tovey and G. Valencia and R. Van de Water and N. Varelas and G. Venanzoni and L. Verde and M.{\hspace{0.167em}}G. Vincter and P. Vogel and A. Vogt and S.{\hspace{0.167em}}P. Wakely and W. Walkowiak and C.{\hspace{0.167em}}W. Walter and D. Wands and D.{\hspace{0.167em}}R. Ward and M.{\hspace{0.167em}}O. Wascko and G. Weiglein and D.{\hspace{0.167em}}H. Weinberg and E.{\hspace{0.167em}}J. Weinberg and M. White and L.{\hspace{0.167em}}R. Wiencke and S. Willocq and C.{\hspace{0.167em}}G. Wohl and J. Womersley and C.{\hspace{0.167em}}L. Woody and R.{\hspace{0.167em}}L. Workman and W.-M. Yao and G.{\hspace{0.167em}}P. Zeller and O.{\hspace{0.167em}}V. Zenin and R.-Y. Zhu and S.-L. Zhu and F. Zimmermann and P.{\hspace{0.167em}}A. Zyla and J. Anderson and L. Fuller and V.{\hspace{0.167em}}S. Lugovsky and P. Schaffner and},
  title = {Review of Particle Physics},
  journal = {Physical Review D}
}

@article{glashow1970weak,
  title={Weak interactions with lepton-hadron symmetry},
  author={Glashow, Sheldon L and Iliopoulos, Jean and Maiani, Luciano},
  journal={Physical review D},
  volume={2},
  number={7},
  pages={1285},
  year={1970},
  publisher={APS}
}

@article{Fajfer_2012,
   title={B$ \rightarrow D^\** \tau \nu \tau$ sensitivity to new physics},
   volume={85},
   ISSN={1550-2368},
   url={http://dx.doi.org/10.1103/PhysRevD.85.094025},
   DOI={10.1103/physrevd.85.094025},
   number={9},
   journal={Physical Review D},
   publisher={American Physical Society (APS)},
   author={Fajfer, Svjetlana and Kamenik, Jernej F. and Nišandžić, Ivan},
   year={2012},
   month={May}
}

@article{Lee1973,
  doi = {10.1103/physrevd.8.1226},
  url = {https://doi.org/10.1103/physrevd.8.1226},
  year = {1973},
  month = aug,
  publisher = {American Physical Society ({APS})},
  volume = {8},
  number = {4},
  pages = {1226--1239},
  author = {T. D. Lee},
  title = {A Theory of {SpontaneousTViolation}},
  journal = {Physical Review D}
}

@book{Branco:1999fs,
    author = "Branco, Gustavo C. and Lavoura, Luis and Silva, Joao P.",
    title = "{CP Violation}",
    volume = "103",
    year = "1999"
}


@article{Ferreira_2011,
   title={A soft origin for CKM-type CP violation},
   volume={704},
   ISSN={0370-2693},
   url={http://dx.doi.org/10.1016/j.physletb.2011.08.071},
   DOI={10.1016/j.physletb.2011.08.071},
   number={3},
   journal={Physics Letters B},
   publisher={Elsevier BV},
   author={Ferreira, P.M. and Lavoura, L. and Silva, João P.},
   year={2011},
   month={Oct},
   pages={179–188}
}

@article{Nebot_2015,
   title={Self-cancellation of a scalar in neutral meson mixing and implications for the LHC},
   volume={92},
   ISSN={1550-2368},
   url={http://dx.doi.org/10.1103/PhysRevD.92.085010},
   DOI={10.1103/physrevd.92.085010},
   number={8},
   journal={Physical Review D},
   publisher={American Physical Society (APS)},
   author={Nebot, M. and Silva, João P.},
   year={2015},
   month={Oct}
}

@misc{ferreira2019strong,
      title={No strong $CP$ violation up to the one-loop level in a two-Higgs-doublet model}, 
      author={P. M. Ferreira and L. Lavoura},
      year={2019},
      eprint={1904.08438},
      archivePrefix={arXiv},
      primaryClass={hep-ph}
}


@article{Pich_2009,
   title={Yukawa alignment in the two-Higgs-doublet model},
   volume={80},
   ISSN={1550-2368},
   url={http://dx.doi.org/10.1103/PhysRevD.80.091702},
   DOI={10.1103/physrevd.80.091702},
   number={9},
   journal={Physical Review D},
   publisher={American Physical Society (APS)},
   author={Pich, Antonio and Tuzón, Paula},
   year={2009},
   month={Nov}
}


@article{Jung_2010,
   title={Charged-Higgs phenomenology in the aligned two-Higgs-doublet model},
   volume={2010},
   ISSN={1029-8479},
   url={http://dx.doi.org/10.1007/JHEP11(2010)003},
   DOI={10.1007/jhep11(2010)003},
   number={11},
   journal={Journal of High Energy Physics},
   publisher={Springer Science and Business Media LLC},
   author={Jung, Martin and Pich, Antonio and Tuzón, Paula},
   year={2010},
   month={Nov}
}

@article{Jung_2011,
   title={$B^- \rightarrow \chi s \gamma$ rate and CP asymmetry within the aligned two-Higgs-doublet model},
   volume={83},
   ISSN={1550-2368},
   url={http://dx.doi.org/10.1103/PhysRevD.83.074011},
   DOI={10.1103/physrevd.83.074011},
   number={7},
   journal={Physical Review D},
   publisher={American Physical Society (APS)},
   author={Jung, Martin and Pich, Antonio and Tuzón, Paula},
   year={2011},
   month={Apr}
}

@article{Branco_1996,
   title={Relating the scalar flavour-changing neutral couplings to the CKM matrix},
   volume={380},
   ISSN={0370-2693},
   url={http://dx.doi.org/10.1016/0370-2693(96)00494-7},
   DOI={10.1016/0370-2693(96)00494-7},
   number={1-2},
   journal={Physics Letters B},
   publisher={Elsevier BV},
   author={Branco, G.C. and Grimus, W. and Lavoura, L.},
   year={1996},
   month={Jul},
   pages={119–126}
}


@article{LAVOURA1994,
  doi = {10.1142/s0217751x94000807},
  url = {https://doi.org/10.1142/s0217751x94000807},
  year = {1994},
  month = apr,
  publisher = {World Scientific Pub Co Pte Lt},
  volume = {09},
  number = {11},
  pages = {1873--1888},
  author = {L. LAVOURA},
  title = {{MODELS} {OF} {CP} {VIOLATION} {EXCLUSIVELY} {VIA} {NEUTRAL}-{SCALAR} {EXCHANGE}},
  journal = {International Journal of Modern Physics A}
}

@article{Botella_2014,
   title={Physical constraints on a class of two-Higgs doublet models with FCNC at tree level},
   volume={2014},
   ISSN={1029-8479},
   url={http://dx.doi.org/10.1007/JHEP07(2014)078},
   DOI={10.1007/jhep07(2014)078},
   number={7},
   journal={Journal of High Energy Physics},
   publisher={Springer Science and Business Media LLC},
   author={Botella, F. J. and Branco, G. C. and Carmona, Adrián and Nebot, M. and Pedro, Leonardo and Rebelo, M. N.},
   year={2014},
   month={Jul}
}

@article{Botella_2016,
   title={Flavour-changing Higgs couplings in a class of two Higgs doublet models},
   volume={76},
   ISSN={1434-6052},
   url={http://dx.doi.org/10.1140/epjc/s10052-016-3993-0},
   DOI={10.1140/epjc/s10052-016-3993-0},
   number={3},
   journal={The European Physical Journal C},
   publisher={Springer Science and Business Media LLC},
   author={Botella, F. J. and Branco, G. C. and Nebot, M. and Rebelo, M. N.},
   year={2016},
   month={Mar}
}

@article{Weinberg1976,
  doi = {10.1103/physrevlett.37.657},
  url = {https://doi.org/10.1103/physrevlett.37.657},
  year = {1976},
  month = sep,
  publisher = {American Physical Society ({APS})},
  volume = {37},
  number = {11},
  pages = {657--661},
  author = {Steven Weinberg},
  title = {Gauge Theory {ofCPNonconservation}},
  journal = {Physical Review Letters}
}



