
% Citation 1 
% Large Hadron Collider (LHC) detection of the Higgs 

@article{collaborations2016measurements,
  title={Measurements of the Higgs boson production and decay rates and constraints on its couplings from a combined ATLAS and CMS analysis of the LHC pp collision data at sqrt s = 7 and 8 TeV},
  author={Collaborations, CMS and others},
  journal={arXiv preprint arXiv:1606.02266},
  year={2016}
}

% Citation 2 
% SM Dark matter 

@article{Bergstr_m_2000,
   title={Non-baryonic dark matter: observational evidence and detection methods},
   volume={63},
   ISSN={1361-6633},
   url={http://dx.doi.org/10.1088/0034-4885/63/5/2r3},
   DOI={10.1088/0034-4885/63/5/2r3},
   number={5},
   journal={Reports on Progress in Physics},
   publisher={IOP Publishing},
   author={Bergström, Lars},
   year={2000},
   month={Apr},
   pages={793–841}
}

% Citation 3 
% Baryion 

@incollection{book_Baryion,
  author    = "Utpal Sarkar", 
  title     = "Baryonic Asymmetry in the SM", 
  booktitle = "Particle and Astroparticle Physics", 
  chapter   = 16,
  year      = 2007,
  month     = 12,
  isbn      = {9780367388102},
  publisher = "Cambridge"
}

% Citation 4 
% Neutrino masses trough observations

@article{Mertens_2016,
   title={Direct Neutrino Mass Experiments},
   volume={718},
   ISSN={1742-6596},
   url={http://dx.doi.org/10.1088/1742-6596/718/2/022013},
   DOI={10.1088/1742-6596/718/2/022013},
   journal={Journal of Physics: Conference Series},
   publisher={IOP Publishing},
   author={Mertens, Susanne},
   year={2016},
   month={May},
   pages={022013}
}


% Citation 5 
% Neutrino solar masses hierchy and other one 

@article{PhysRevD.89.013001,
  title = {Neutrino mass hierarchy and electron neutrino oscillation parameters with one hundred thousand reactor events},
  author = {Capozzi, F. and Lisi, E. and Marrone, A.},
  journal = {Phys. Rev. D},
  volume = {89},
  issue = {1},
  pages = {013001},
  numpages = {19},
  year = {2014},
  month = {Jan},
  publisher = {American Physical Society},
  doi = {10.1103/PhysRevD.89.013001},
  url = {https://link.aps.org/doi/10.1103/PhysRevD.89.013001}
}


% Citation 6 
% FCNCs citing they are always small and supressed from introduction 

@article{ILYUSHIN2020114921,
title = "Constraints on the Higgs boson anomalous FCNC interactions with light quarks",
journal = "Nuclear Physics B",
volume = "952",
pages = "114921",
year = "2020",
issn = "0550-3213",
doi = "https://doi.org/10.1016/j.nuclphysb.2020.114921",
url = "http://www.sciencedirect.com/science/article/pii/S0550321320300079",
author = "M. Ilyushin and P. Mandrik and S. Slabospitskii"
}

% Citation 7 
% Higgs Couplings 

@incollection{10.1093/ptep/ptaa104,
    author = {Particle Data Group et all},
    booktitle = "{Review of Particle Physics}",
    title = "{ Status of Higgs Boson Physics }" ,  
    journal = {Progress of Theoretical and Experimental Physics},
    volume = {2020},
    year = {2020},
    month = {08},
    chapter = {11},
    issn = {2050-3911},
    doi = {10.1093/ptep/ptaa104},
    url = {https://doi.org/10.1093/ptep/ptaa104},
    note = {083C01},
    publisher ="{ PDG }", 
    eprint = {https://pdg.lbl.gov/2019/reviews/rpp2018-rev-higgs-boson.pdf},
}

% Citation 8
% symmetry emily 

@article{doi:10.1080/00411457108231446,
author = { Emmy   Noether },
title = {Invariant variation problems},
journal = {Transport Theory and Statistical Physics},
volume = {1},
number = {3},
pages = {186-207},
year  = {1971},
publisher = {Taylor & Francis},
doi = {10.1080/00411457108231446},
URL = {https://doi.org/10.1080/00411457108231446},
eprint = {https://doi.org/10.1080/00411457108231446}
}
º

% Citation 9 
% EW Gauge theory from salam, the quote. 

@article{Salam1961,
  doi = {10.1007/bf02812723},
  url = {https://doi.org/10.1007/bf02812723},
  year = {1961},
  month = jan,
  publisher = {Springer Science and Business Media {LLC}},
  volume = {19},
  number = {1},
  pages = {165--170},
  author = {A. Salam and J. C. Ward},
  title = {On a gauge theory of elementary interactions},
  journal = {Il Nuovo Cimento}
}

% Citation 10 
% 

@article{higgs1964broken,
  title={Broken symmetries and the masses of gauge bosons},
  author={Higgs, Peter W},
  journal={Physical Review Letters},
  volume={13},
  number={16},
  pages={508},
  year={1964},
  publisher={APS}
}

% Citation 11 
% 

@article{politzer1973reliable,
  title={Reliable perturbative results for strong interactions?},
  author={Politzer, H David},
  journal={Physical Review Letters},
  volume={30},
  number={26},
  pages={1346},
  year={1973},
  publisher={APS}
}


% Citation 12 
%

@book{Quigg:1983gw,
    publisher = "Princeton University Press",
    author = "Quigg, C.",
    title = "{GAUGE THEORIES OF THE STRONG, WEAK AND ELECTROMAGNETIC INTERACTIONS}",
    isbn = "978-0-8053-6020-2",
    volume = "56",
    year = "1983"
}

% Citation 13 
% 

@article{Tanabashi2018,
  doi = {10.1103/physrevd.98.030001},
  url = {https://doi.org/10.1103/physrevd.98.030001},
  year = {2018},
  month = aug,
  publisher = {American Physical Society ({APS})},
  volume = {98},
  number = {3},
  author = {M. Tanabashi et alii},
  title = {Review of Particle Physics},
  journal = {Physical Review D}
}

% Citation 14 
% 

@article{glashow1970weak,
  title={Weak interactions with lepton-hadron symmetry},
  author={Glashow, Sheldon L and Iliopoulos, Jean and Maiani, Luciano},
  journal={Physical review D},
  volume={2},
  number={7},
  pages={1285},
  year={1970},
  publisher={APS}
}

% Citation 15 
% Another flavor thing

@incollection{CasteloBranco2014,
  doi = {10.1007/978-3-319-12238-0_4},
  url = {https://doi.org/10.1007/978-3-319-12238-0_4},
  year = {2014},
  month = dec,
  publisher = {Springer International Publishing},
  pages = {145--186},
  author = {Gustavo Castelo-Branco and David Emmanuel-Costa},
  title = {Flavour Physics and CP Violation in the Standard Model and Beyond},
  booktitle = {Springer Proceedings in Physics}
}

% Citation 16
%Flavour Lepton Violation 

@article{Graverini2019,
  doi = {10.1088/1742-6596/1137/1/012025},
  url = {https://doi.org/10.1088/1742-6596/1137/1/012025},
  year = {2019},
  month = jan,
  publisher = {{IOP} Publishing},
  volume = {1137},
  pages = {012025},
  author = {Elena Graverini and},
  title = {Flavour anomalies: a review},
  journal = {Journal of Physics: Conference Series}
}

% Citation 17 
% Lepton violation in Higgs decays

@article{Sirunyan_2018,
   title={Search for lepton flavour violating decays of the Higgs boson to $\mu \tau$ and $e \tau$ in proton-proton collisions at s=13 $\sqrt s =13$ TeV},
   volume={2018},
   ISSN={1029-8479},
   url={http://dx.doi.org/10.1007/JHEP06(2018)001},
   DOI={10.1007/jhep06(2018)001},
   number={6},
   journal={Journal of High Energy Physics},
   publisher={Springer Science and Business Media LLC},
   author={Sirunyan, A. M. and Tumasyan, A. and Adam, W. and Ambrogi, F. and Asilar, E. and Bergauer, T. and Brandstetter, J. and Brondolin, E. and Dragicevic, M. and et al.},
   year={2018},
   month={Jun}
}

% Citation 18
% Some miss aligned garbage decay 1 

@article{DAmico2017,
  doi = {10.1007/jhep09(2017)010},
  url = {https://doi.org/10.1007/jhep09(2017)010},
  year = {2017},
  month = sep,
  publisher = {Springer Science and Business Media {LLC}},
  volume = {2017},
  number = {9},
  author = {Guido D'Amico and Marco Nardecchia and Paolo Panci and Francesco Sannino and Alessandro Strumia and Riccardo Torre and Alfredo Urbano},
  title = {Flavour anomalies after the R K $\ast$ measurement},
  journal = {Journal of High Energy Physics}
}

% Citation 19
% Some miss aligned garbage decay 2 

@article{Hu2019,
  doi = {10.1140/epjc/s10052-019-6766-8},
  url = {https://doi.org/10.1140/epjc/s10052-019-6766-8},
  year = {2019},
  publisher = {Springer Science and Business Media {LLC}},
  volume = {79},
  number = {3},
  author = {Quan-Yi Hu and Xin-Qiang Li and Ya-Dong Yang},
  title = { $b \rightarrow c \tau \nu$ transitions in the standard model effective field theory},
  journal = {The European Physical Journal C}
}

% Citation 20
% why is it clean 

@article{Fajfer_2012,
   title={B→D*$\tau \nu^- \tau$ sensitivity to new physics},
   volume={85},
   ISSN={1550-2368},
   url={http://dx.doi.org/10.1103/PhysRevD.85.094025},
   DOI={10.1103/physrevd.85.094025},
   number={9},
   journal={Physical Review D},
   publisher={American Physical Society (APS)},
   author={Fajfer, Svjetlana and Kamenik, Jernej F. and Nišandžić, Ivan},
   year={2012},
   month={May}
}

% Citation 21
% 

@article{Alonso_2017,
   title={Lifetime of Bc -  Mesons Constrains Explanations for Anomalies in $B\rightarrow D(*)\tau\nu$},
   volume={118},
   ISSN={1079-7114},
   url={http://dx.doi.org/10.1103/PhysRevLett.118.081802},
   DOI={10.1103/physrevlett.118.081802},
   number={8},
   journal={Physical Review Letters},
   publisher={American Physical Society (APS)},
   author={Alonso, Rodrigo and Grinstein, Benjamín and Martin Camalich, Jorge},
   year={2017},
   month={Feb}
}


% Citation 22 
% 

@article{Wei_2009,
   title={Measurement of the Differential Branching Fraction and Forward-Backward Asymmetry for $B\rightarrow K(*)l+l-$},
   volume={103},
   ISSN={1079-7114},
   url={http://dx.doi.org/10.1103/PhysRevLett.103.171801},
   DOI={10.1103/physrevlett.103.171801},
   number={17},
   journal={Physical Review Letters},
   publisher={American Physical Society (APS)},
   author={Wei, J. T. and Chang, P. and Adachi, I. and Aihara, H. and Aulchenko, V. and Aushev, T. and Bakich, A. M. and Balagura, V. and Barberio, E. and Bondar, A. and et al.},
   year={2009},
   month={Oct}
}

% Extra Yukawas 

@article{PhysRevLett.13.138,
  title = {Evidence for the $2 \pi$ Decay of the $K_2^0$ Meson},
  author = {Christenson, J. H. and Cronin, J. W. and Fitch, V. L. and Turlay, R.},
  journal = {Phys. Rev. Lett.},
  volume = {13},
  issue = {4},
  pages = {138--140},
  numpages = {0},
  year = {1964},
  month = {Jul},
  publisher = {American Physical Society},
  doi = {10.1103/PhysRevLett.13.138},
  url = {https://link.aps.org/doi/10.1103/PhysRevLett.13.138}
}

@misc{NobelPrize:1980-Physics,
  author = {Foundation, Nobel},
  title = {The Nobel Prize in Physics},
  url = {https://www.nobelprize.org/prizes/physics/1980/press-release/},
  year = 1979
}





