
% Citation 52

@misc{Ludvig_Thesis,
  author       = {Ludvig Siwe}, 
  title        = {Using Neural Networks to Probe the Parameter Space of a 3HDM with a $U(1) \times Z_2$ Flavor Symmetry},
  school       = {Lund University},
  year         = 2020,
  month        = 7
}

% Citation 53 

@misc{Ian_Thesis,
  author       = {Padilla, Ian},
  title        = {Phenomenology of a Three Higgs Doublet Model with a $U(1) \times Z_2$ flavour symmetry},
  year         = {2019},
  school       = {Lund University},
  month        = 7
}

% Citation 54 

@misc{straub2018flavio,
      title={flavio: a Python package for flavour and precision phenomenology in the Standard Model and beyond}, 
      author={David M. Straub},
      year={2018},
      eprint={1810.08132},
      archivePrefix={arXiv},
      primaryClass={hep-ph}
}

% Citation 55 

@misc{das2015implications,
      title={Implications Of The Higgs Discovery On Physics Beyond The Standard Model}, 
      author={Dipankar Das},
      year={2015},
      eprint={1511.02195},
      archivePrefix={arXiv},
      primaryClass={hep-ph}
}


% Citation 56 

@article{Aad_2020,
   title={Combined measurements of Higgs boson production and decay using up to 80  fb−1 of proton-proton collision data at s=13  TeV collected with the ATLAS experiment},
   volume={101},
   ISSN={2470-0029},
   url={http://dx.doi.org/10.1103/PhysRevD.101.012002},
   DOI={10.1103/physrevd.101.012002},
   number={1},
   journal={Physical Review D},
   publisher={American Physical Society (APS)},
   author={Aad, G. and Abbott, B. and Abbott, D. C. and Abdinov, O. and Abed Abud, A. and Abeling, K. and Abhayasinghe, D. K. and Abidi, S. H. and AbouZeid, O. S. and Abraham, N. L. and et al.},
   year={2020},
   month={Jan}
}

% Citation 57 
% Repeated! Branco_1996

% Citation 58 

@article{Moretti_2015,
   title={Constraints on parameter space from perturbative unitarity in models with three scalar doublets},
   volume={91},
   ISSN={1550-2368},
   url={http://dx.doi.org/10.1103/PhysRevD.91.055022},
   DOI={10.1103/physrevd.91.055022},
   number={5},
   journal={Physical Review D},
   publisher={American Physical Society (APS)},
   author={Moretti, Stefano and Yagyu, Kei},
   year={2015},
   month={Mar}
}


% Citation 59
%Repeated! Baak_2012



% Citation 60-2

@article{Aad_2014,
   title={Search for Scalar Diphoton Resonances in the Mass Range 65–600 GeV with the ATLAS Detector inppCollision Data ats=8  TeV},
   volume={113},
   ISSN={1079-7114},
   url={http://dx.doi.org/10.1103/PhysRevLett.113.171801},
   DOI={10.1103/physrevlett.113.171801},
   number={17},
   journal={Physical Review Letters},
   publisher={American Physical Society (APS)},
   author={Aad, G. and Abbott, B. and Abdallah, J. and Abdel Khalek, S. and Abdinov, O. and Aben, R. and Abi, B. and Abolins, M. and AbouZeid, O. S. and Abramowicz, H. and et al.},
   year={2014},
   month={Oct}
}

@techreport{CMS-PAS-HIG-14-029,
      title         = "{Search for additional neutral Higgs bosons decaying to a pair of tau leptons in pp collisions at $\sqrt{s} = 7$ and 8 TeV}",
      institution   = "CERN",
      author = { CERN Colaborators }, 
      collaboration = "CMS Collaboration",
      address       = "Geneva",
      number        = "CMS-PAS-HIG-14-029",
      year          = "2015",
      reportNumber  = "CMS-PAS-HIG-14-029",
      url           = "https://cds.cern.ch/record/2041463",
}


@article{Khachatryan_2015,
   title={Search for diphoton resonances in the mass range from 150 to 850 GeV in pp collisions at s=8TeV},
   volume={750},
   ISSN={0370-2693},
   url={http://dx.doi.org/10.1016/j.physletb.2015.09.062},
   DOI={10.1016/j.physletb.2015.09.062},
   journal={Physics Letters B},
   publisher={Elsevier BV},
   author={Khachatryan, V. and Sirunyan, A.M. and Tumasyan, A. and Adam, W. and Asilar, E. and Bergauer, T. and Brandstetter, J. and Brondolin, E. and Dragicevic, M. and Erö, J. and et al.},
   year={2015},
   month={Nov},
   pages={494–519}
} 


% Extra from history 
% Citation 63

@article{Lee1973,
  doi = {10.1103/physrevd.8.1226},
  url = {https://doi.org/10.1103/physrevd.8.1226},
  year = {1973},
  month = aug,
  publisher = {American Physical Society ({APS})},
  volume = {8},
  number = {4},
  pages = {1226--1239},
  author = {T. D. Lee},
  title = {A Theory of {SpontaneousTViolation}},
  journal = {Physical Review D}
}

% Citation 64
@book{Branco:1999fs,
    author = "Branco, Gustavo C. and Lavoura, Luis and Silva, Joao P.",
    publisher = "Clarendon Press",
    title = "{CP Violation}",
    volume = "103",
    year = "1999"
}

% Citation 65
@misc{ferreira2019strong,
      title={No strong $CP$ violation up to the one-loop level in a two-Higgs-doublet model}, 
      author={P. M. Ferreira and L. Lavoura},
      year={2019},
      eprint={1904.08438},
      archivePrefix={arXiv},
      primaryClass={hep-ph}
}

%Citation 66 

@article{Jung_2011,
   title={ $B^- \rightarrow \chi s \gamma$ rate and CP asymmetry within the aligned two-Higgs-doublet model},
   volume={83},
   ISSN={1550-2368},
   url={http://dx.doi.org/10.1103/PhysRevD.83.074011},
   DOI={10.1103/physrevd.83.074011},
   number={7},
   journal={Physical Review D},
   publisher={American Physical Society (APS)},
   author={Jung, Martin and Pich, Antonio and Tuzón, Paula},
   year={2011},
   month={Apr}
}


% Citation 67

@article{Branco_1996,
   title={Relating the scalar flavour-changing neutral couplings to the CKM matrix},
   volume={380},
   ISSN={0370-2693},
   url={http://dx.doi.org/10.1016/0370-2693(96)00494-7},
   DOI={10.1016/0370-2693(96)00494-7},
   number={1-2},
   journal={Physics Letters B},
   publisher={Elsevier BV},
   author={Branco, G.C. and Grimus, W. and Lavoura, L.},
   year={1996},
   month={Jul},
   pages={119–126}
}


% Citation 68 

@article{Botella_2016,
   title={Flavour-changing Higgs couplings in a class of two Higgs doublet models},
   volume={76},
   ISSN={1434-6052},
   url={http://dx.doi.org/10.1140/epjc/s10052-016-3993-0},
   DOI={10.1140/epjc/s10052-016-3993-0},
   number={3},
   journal={The European Physical Journal C},
   publisher={Springer Science and Business Media LLC},
   author={Botella, F. J. and Branco, G. C. and Nebot, M. and Rebelo, M. N.},
   year={2016},
   month={Mar}
}

% Citation 69

@article{Weinberg1976,
  doi = {10.1103/physrevlett.37.657},
  url = {https://doi.org/10.1103/physrevlett.37.657},
  year = {1976},
  month = sep,
  publisher = {American Physical Society ({APS})},
  volume = {37},
  number = {11},
  pages = {657--661},
  author = {Steven Weinberg},
  title = {Gauge Theory {ofCPNonconservation}},
  journal = {Physical Review Letters}
}


% Citation 70 

@article{Branco_2012,
   title={Theory and phenomenology of two-Higgs-doublet models},
   volume={516},
   ISSN={0370-1573},
   url={http://dx.doi.org/10.1016/j.physrep.2012.02.002},
   DOI={10.1016/j.physrep.2012.02.002},
   number={1-2},
   journal={Physics Reports},
   publisher={Elsevier BV},
   author={Branco, G.C. and Ferreira, P.M. and Lavoura, L. and Rebelo, M.N. and Sher, Marc and Silva, João P.},
   year={2012},
   month={Jul},
   pages={1–102}
}

% Citation 71 

@article{Barroso_2006,
   title={Stability of the normal vacuum in multi-Higgs-doublet models},
   volume={74},
   ISSN={1550-2368},
   url={http://dx.doi.org/10.1103/PhysRevD.74.085016},
   DOI={10.1103/physrevd.74.085016},
   number={8},
   journal={Physical Review D},
   publisher={American Physical Society (APS)},
   author={Barroso, A. and Ferreira, P. M. and Santos, R. and Silva, João P.},
   year={2006},
   month={Oct}
}


% Citation 72 

@article{Ivanov_2008,
   title={Minkowski space structure of the Higgs potential in the two-Higgs-doublet model. II. Minima, symmetries, and topology},
   volume={77},
   ISSN={1550-2368},
   url={http://dx.doi.org/10.1103/PhysRevD.77.015017},
   DOI={10.1103/physrevd.77.015017},
   number={1},
   journal={Physical Review D},
   publisher={American Physical Society (APS)},
   author={Ivanov, I. P.},
   year={2008},
   month={Jan}
}



% Citation 73 

@article{Ivanov_2015,
   title={Symmetry breaking patterns in 3HDM},
   volume={2015},
   ISSN={1029-8479},
   url={http://dx.doi.org/10.1007/JHEP01(2015)021},
   DOI={10.1007/jhep01(2015)021},
   number={1},
   journal={Journal of High Energy Physics},
   publisher={Springer Science and Business Media LLC},
   author={Ivanov, I. P. and Nishi, C. C.},
   year={2015},
   month={Jan}
}


% Citation 74 


@article{Camargo_Molina_2018,
   title={Heavy charged scalars from $ c s $ fusion: a generic search strategy applied to a 3HDM with U(1) × U(1) family symmetry},
   volume={2018},
   ISSN={1029-8479},
   url={http://dx.doi.org/10.1007/JHEP03(2018)024},
   DOI={10.1007/jhep03(2018)024},
   number={3},
   journal={Journal of High Energy Physics},
   publisher={Springer Science and Business Media LLC},
   author={Camargo-Molina, José Eliel and Mandal, Tanumoy and Pasechnik, Roman and Wessén, Jonas},
   year={2018},
   month={Mar}
}

% Extra das conclusions 


@misc{freitas2020phenomenology,
      title={Phenomenology of vector-like leptons with Deep Learning at the Large Hadron Collider}, 
      author={Felipe F. Freitas and João Gonçalves and António P. Morais and Roman Pasechnik},
      year={2020},
      eprint={2010.01307},
      archivePrefix={arXiv},
      primaryClass={hep-ph}
}



