
% Citation 22 

@article{Mohapatra:1980qe,
      author         = "Mohapatra, Rabindra N. and Marshak, R. E.",
      title          = "{Local B-L Symmetry of Electroweak Interactions, Majorana Neutrinos and Neutron Oscillations}",
      journal        = "Phys. Rev. Lett.",
      volume         = "44",
      year           = "1980",
      pages          = "1316-1319",
      doi            = "10.1103/PhysRevLett.44.1644.2, 10.1103/PhysRevLett.44.1316",
      note           = "[Erratum: Phys. Rev. Lett.44,1643(1980)]",
      reportNumber   = "VPI-HEP-80/1",
      SLACcitation   = "%%CITATION = PRLTA,44,1316;%%"
}

% Citation 23 


@article{Yanagida:1979as,
      author         = "Yanagida, Tsutomu",
      title          = "{Horizontal gauge symmetry and masses of neutrinos}",
      booktitle      = "{Proceedings: Workshop on the Unified Theories and the Baryon Number in the Universe: Tsukuba, Japan, February 13-14, 1979}",
      journal        = "Conf. Proc.",
      volume         = "C7902131",
      year           = "1979",
      pages          = "95-99",
      reportNumber   = "KEK-79-18-95",
      SLACcitation   = "%%CITATION = CONFP,C7902131,95;%%"
}

% Citation 24 
% Repeated

@article{Tanabashi:2018oca,
      author         = "Tanabashi, M. and others",
      title          = "{Review of Particle Physics}",
      collaboration  = "Particle Data Group",
      journal        = "Phys. Rev.",
      volume         = "D98",
      year           = "2018",
      number         = "3",
      pages          = "030001",
      doi            = "10.1103/PhysRevD.98.030001",
      SLACcitation   = "%%CITATION = PHRVA,D98,030001;%%"
}


% Citation 25 

@article{Degrassi:2012ry,
      author         = "Degrassi, Giuseppe and Di Vita, Stefano and Elias-Miro, Joan and Espinosa, Jose R. and Giudice, Gian F. and Isidori, Gino and Strumia, Alessandro",
      title          = "Higgs mass and vacuum stability in the Standard Model at NNLO",
      journal        = "JHEP",
      volume         = "08",
      year           = "2012",
      pages          = "098",
      doi            = "10.1007/JHEP08(2012)098",
      eprint         = "1205.6497",
      archivePrefix  = "arXiv",
      primaryClass   = "hep-ph",
      reportNumber   = "CERN-PH-TH-2012-134, RM3-TH-12-9",
      SLACcitation   = "%%CITATION = ARXIV:1205.6497;%%"
}

% Citation 26 

@article{Chanowitz:1977ye,
      author         = "Chanowitz, Michael S. and Ellis, John R. and Gaillard,Mary K.",
      title          = "{The Price of Natural Flavor Conservation in Neutral Weak Interactions}",
      journal        = "Nucl. Phys.",
      volume         = "B128",
      year           = "1977",
      pages          = "506-536",
      doi            = "10.1016/0550-3213(77)90057-8",
      reportNumber   = "CERN-TH-2312",
      SLACcitation   = "%%CITATION = NUPHA,B128,506;%%"
}

% Citation 27 

@article{Achiman:1978vg,
      author         = "Achiman, Yoav and Stech, Berthold",
      title          = "{Quark Lepton Symmetry and Mass Scales in an E6 Unified Gauge Model}",
      journal        = "Phys. Lett.",
      volume         = "77B",
      year           = "1978",
      pages          = "389-393",
      doi            = "10.1016/0370-2693(78)90584-1",
      reportNumber   = "HD-THEP-78-6, WU B-78-20",
      SLACcitation   = "%%CITATION = PHLTA,77B,389;%%"
}

% Citation 28 


@article{Barger:2008jx,
      author         = "Barger, Vernon and Langacker, Paul and McCaskey, Mathew and Ramsey-Musolf, Michael and Shaughnessy, Gabe",
      title          = "{Complex Singlet Extension of the Standard Model}",
      journal        = "Phys. Rev.",
      volume         = "D79",
      year           = "2009",
      pages          = "015018",
      doi            = "10.1103/PhysRevD.79.015018",
      eprint         = "0811.0393",
      archivePrefix  = "arXiv",
      primaryClass   = "hep-ph",
      reportNumber   = "MADPH-08-1516, NUHEP-TH-08-06, ANL-HEP-PR-08-58, NPAC-08-21",
      SLACcitation   = "%%CITATION = ARXIV:0811.0393;%%"
}

% Citation 29 

@article{Abbott2020,
  doi = {10.1007/s41114-020-00026-9},
  url = {https://doi.org/10.1007/s41114-020-00026-9},
  year = {2020},
  month = sep,
  publisher = {Springer Science and Business Media {LLC}},
  volume = {23},
  number = {1},
  author = {B. P. Abbott and  et all},
  title = {Prospects for observing and localizing gravitational-wave transients with Advanced LIGO,  Advanced Virgo and KAGRA },
  journal = {Living Reviews in Relativity}
}

% Citation 30 

@article{Kaneta:2016vkq,
      author         = "Kaneta, Kunio and Kang, Zhaofeng and Lee, Hye-Sung",
      title          = "{Right-handed neutrino dark matter under the $B-L$ gauge interaction}",
      journal        = "JHEP",
      volume         = "02",
      year           = "2017",
      pages          = "031",
      doi            = "10.1007/JHEP02(2017)031",
      eprint         = "1606.09317",
      archivePrefix  = "arXiv",
      primaryClass   = "hep-ph",
      reportNumber   = "CTPU-16-17",
      SLACcitation   = "%%CITATION = ARXIV:1606.09317;%%"
}

% Citation 31 

@article{Okada:2018ktp,
      author         = "Okada, Satomi",
      title          = "{$Z'$ Portal Dark Matter in the Minimal $B-L$ Model}",
      journal        = "Adv. High Energy Phys.",
      volume         = "2018",
      year           = "2018",
      pages          = "5340935",
      doi            = "10.1155/2018/5340935",
      eprint         = "1803.06793",
      archivePrefix  = "arXiv",
      primaryClass   = "hep-ph",
      SLACcitation   = "%%CITATION = ARXIV:1803.06793;%%"
}

% Citation 32 

@article{Fukugita:1986hr,
      author         = "Fukugita, M. and Yanagida, T.",
      title          = "{Baryogenesis Without Grand Unification}",
      journal        = "Phys. Lett.",
      volume         = "B174",
      year           = "1986",
      pages          = "45-47",
      doi            = "10.1016/0370-2693(86)91126-3",
      reportNumber   = "RIFP-641",
      SLACcitation   = "%%CITATION = PHLTA,B174,45;%%"
}

% Citation 33 

@article{Bandyopadhyay_2018,
   title={Reappraisal of constraints on Z$^\prime$ models from unitarity and direct searches at the LHC},
   volume={98},
   ISSN={2470-0029},
   url={http://dx.doi.org/10.1103/PhysRevD.98.035027},
   DOI={10.1103/physrevd.98.035027},
   number={3},
   journal={Physical Review D},
   publisher={American Physical Society (APS)},
   author={Bandyopadhyay, Triparno and Bhattacharyya, Gautam and Das, Dipankar and Raychaudhuri, Amitava},
   year={2018},
   month={Aug}
}

% Citation 34 

@article{Khalil:2010iu,
      author         = "Khalil, Shaaban",
      title          = "{TeV-scale gauged B-L symmetry with inverse seesaw mechanism}",
      journal        = "Phys. Rev.",
      volume         = "D82",
      year           = "2010",
      pages          = "077702",
      doi            = "10.1103/PhysRevD.82.077702",
      eprint         = "1004.0013",
      archivePrefix  = "arXiv",
      primaryClass   = "hep-ph",
      SLACcitation   = "%%CITATION = ARXIV:1004.0013;%%"
}


% Citation 35

@article{Deppisch:2019ldi,
      author         = "Deppisch, Frank F. and Kulkarni, Suchita and Liu, Wei",
      title          = "{Searching for a light $Z\prime$ through Higgs production at the LHC}",
      journal        = "Phys. Rev.",
      volume         = "D100",
      year           = "2019",
      number         = "11",
      pages          = "115023",
      doi            = "10.1103/PhysRevD.100.115023",
      eprint         = "1908.11741",
      archivePrefix  = "arXiv",
      primaryClass   = "hep-ph",
      SLACcitation   = "%%CITATION = ARXIV:1908.11741;%%"
}

% Citation 36 

@article{Aaboud:2017buh,
      author         = "Aaboud, Morad and others",
      title          = "{Search for new high-mass phenomena in the dilepton final state using 36 fb$^{-1}$ of proton-proton collision data at $ \sqrt{s}=13 $ TeV with the ATLAS detector}",
      collaboration  = "ATLAS",
      journal        = "JHEP",
      volume         = "10",
      year           = "2017",
      pages          = "182",
      doi            = "10.1007/JHEP10(2017)182",
      eprint         = "1707.02424",
      archivePrefix  = "arXiv",
      primaryClass   = "hep-ex",
      reportNumber   = "CERN-EP-2017-119",
      SLACcitation   = "%%CITATION = ARXIV:1707.02424;%%"
}

% Citation 38 

@article{Czarnecki:2001pv,
      author         = "Czarnecki, Andrzej and Marciano, William J.",
      title          = "{The Muon anomalous magnetic moment: A Harbinger for 'new physics'}",
      journal        = "Phys. Rev.",
      volume         = "D64",
      year           = "2001",
      pages          = "013014",
      doi            = "10.1103/PhysRevD.64.013014",
      eprint         = "hep-ph/0102122",
      archivePrefix  = "arXiv",
      primaryClass   = "hep-ph",
      reportNumber   = "ALBERTA-THY-03-01, BNL-HET-01-4",
      SLACcitation   = "%%CITATION = HEP-PH/0102122;%%"
}

% Citation 39 

@article{Yang:2018guw,
      author         = "Yang, Jin-Lei and Feng, Tai-Fu and Yan, Yu-Li and Li, Wei and Zhao, Shu-Min and Zhang, Hai-Bin",
      title          = "{Lepton-flavor violation and two loop electroweak corrections to $(g-2)_\mu$ in the B-L symmetric SSM}",
      journal        = "Phys. Rev.",
      volume         = "D99",
      year           = "2019",
      number         = "1",
      pages          = "015002",
      doi            = "10.1103/PhysRevD.99.015002",
      eprint         = "1812.03860",
      archivePrefix  = "arXiv",
      primaryClass   = "hep-ph",
      SLACcitation   = "%%CITATION = ARXIV:1812.03860;%%"
}

% Citation 40

@article{Porod:2011nf,
      author         = "Porod, W. and Staub, F.",
      title          = "{SPheno 3.1: Extensions including flavour, CP-phases and models beyond the MSSM}",
      journal        = "Comput. Phys. Commun.",
      volume         = "183",
      year           = "2012",
      pages          = "2458-2469",
      doi            = "10.1016/j.cpc.2012.05.021",
      eprint         = "1104.1573",
      archivePrefix  = "arXiv",
      primaryClass   = "hep-ph",
      SLACcitation   = "%%CITATION = ARXIV:1104.1573;%%"
}

% Citation 41 

@article{Staub:2013tta,
      author         = "Staub, Florian",
      title          = "{SARAH 4 : A tool for (not only SUSY) model builders}",
      journal        = "Comput. Phys. Commun.",
      volume         = "185",
      year           = "2014",
      pages          = "1773-1790",
      doi            = "10.1016/j.cpc.2014.02.018",
      eprint         = "1309.7223",
      archivePrefix  = "arXiv",
      primaryClass   = "hep-ph",
      reportNumber   = "BONN-TH-2013-17",
      SLACcitation   = "%%CITATION = ARXIV:1309.7223;%%"
}

% Citation 42 

@article{Bechtle:2013wla,
      author         = "Bechtle, Philip and Brein, Oliver and Heinemeyer, Sven and Stål, Oscar and Stefaniak, Tim and Weiglein, Georg and Williams, Karina E.",
      title          = "{$\mathsf{HiggsBounds}-4$: Improved Tests of Extended Higgs Sectors against Exclusion Bounds from LEP, the Tevatron and the LHC}",
      journal        = "Eur. Phys. J.",
      volume         = "C74",
      year           = "2014",
      number         = "3",
      pages          = "2693",
      doi            = "10.1140/epjc/s10052-013-2693-2",
      eprint         = "1311.0055",
      archivePrefix  = "arXiv",
      primaryClass   = "hep-ph",
      reportNumber   = "BONN-TH-2013-21, DESY-13-110",
      SLACcitation   = "%%CITATION = ARXIV:1311.0055;%%"
}

% Citation 43 

@article{Bechtle:2013xfa,
      author         = "Bechtle, Philip and Heinemeyer, Sven and Stål, Oscar and Stefaniak, Tim and Weiglein, Georg",
      title          = "{$HiggsSignals$: Confronting arbitrary Higgs sectors with measurements at the Tevatron and the LHC}",
      journal        = "Eur. Phys. J.",
      volume         = "C74",
      year           = "2014",
      number         = "2",
      pages          = "2711",
      doi            = "10.1140/epjc/s10052-013-2711-4",
      eprint         = "1305.1933",
      archivePrefix  = "arXiv",
      primaryClass   = "hep-ph",
      reportNumber   = "BONN-TH-2013-07, DESY-13-078",
      SLACcitation   = "%%CITATION = ARXIV:1305.1933;%%"
}

% Citation 44 

@article{Alwall:2014hca,
      author         = "Alwall, J. and Frederix, R. and Frixione, S. and Hirschi, V. and Maltoni, F. and Mattelaer, O. and Shao, H. -S. and Stelzer, T. and Torrielli, P. and Zaro, M.",
      title          = "{The automated computation of tree-level and next-to-leading order differential cross sections, and their matching to parton shower simulations}",
      journal        = "JHEP",
      volume         = "07",
      year           = "2014",
      pages          = "079",
      doi            = "10.1007/JHEP07(2014)079",
      eprint         = "1405.0301",
      archivePrefix  = "arXiv",
      primaryClass   = "hep-ph",
      reportNumber   = "CERN-PH-TH-2014-064, CP3-14-18, LPN14-066, MCNET-14-09, ZU-TH-14-14",
      SLACcitation   = "%%CITATION = ARXIV:1405.0301;%%"
}


% Citation 45
% S T U ciation

@article{Peskin1992,
  doi = {10.1103/physrevd.46.381},
  url = {https://doi.org/10.1103/physrevd.46.381},
  year = {1992},
  month = jul,
  publisher = {American Physical Society ({APS})},
  volume = {46},
  number = {1},
  pages = {381--409},
  author = {Michael E. Peskin and Tatsu Takeuchi},
  title = {Estimation of oblique electroweak corrections},
  journal = {Physical Review D}
}

% Citation 46

@article{Costa:2014qga,
      author         = "Costa, Raul and Morais, António P. and Sampaio, Marco O.P. and Santos, Rui",
      title          = "{Two-loop stability of a complex singlet extended Standard Model}",
      journal        = "Phys. Rev.",
      volume         = "D92",
      year           = "2015",
      pages          = "025024",
      doi            = "10.1103/PhysRevD.92.025024",
      eprint         = "1411.4048",
      archivePrefix  = "arXiv",
      primaryClass   = "hep-ph",
      SLACcitation   = "%%CITATION = ARXIV:1411.4048;%%"
}


% Citation 47 

@article{Baak_2012,
   title={Updated status of the global electroweak fit and constraints on new physics},
   volume={72},
   ISSN={1434-6052},
   url={http://dx.doi.org/10.1140/epjc/s10052-012-2003-4},
   DOI={10.1140/epjc/s10052-012-2003-4},
   number={5},
   journal={The European Physical Journal C},
   publisher={Springer Science and Business Media LLC},
   author={Baak, M. and Goebel, M. and Haller, J. and Hoecker, A. and Kennedy, D. and Mönig, K. and Schott, M. and Stelzer, J.},
   year={2012},
   month={May}
}

% Citation 48 

@article{Freitas:2014pua,
      author         = "Freitas, Ayres and Lykken, Joseph and Kell, Stefan and Westhoff, Susanne",
      title          = "{Testing the Muon g-2 Anomaly at the LHC}",
      journal        = "JHEP",
      volume         = "05",
      year           = "2014",
      pages          = "145",
      doi            = "10.1007/JHEP09(2014)155, 10.1007/JHEP05(2014)145",
      note           = "[Erratum: JHEP09,155(2014)]",
      eprint         = "1402.7065",
      archivePrefix  = "arXiv",
      primaryClass   = "hep-ph",
      reportNumber   = "FERMILAB-PUB-14-038-T",
      SLACcitation   = "%%CITATION = ARXIV:1402.7065;%%"
}


% Citation 49 

@article{Barr:1990vd,
      author         = "Barr, Stephen M. and Zee, A.",
      title          = "{Electric Dipole Moment of the Electron and of the
                        Neutron}",
      journal        = "Phys. Rev. Lett.",
      volume         = "65",
      year           = "1990",
      pages          = "21-24",
      doi            = "10.1103/PhysRevLett.65.2920, 10.1103/PhysRevLett.65.21",
      note           = "[Erratum: Phys. Rev. Lett.65,2920(1990)]",
      reportNumber   = "NSF-ITP-90-46",
      SLACcitation   = "%%CITATION = PRLTA,65,21;%%"
}

% Citation 50 

@article{Ilisie:2015tra,
      author         = "Ilisie, Victor",
      title          = "{New Barr-Zee contributions to $\mathbf{(g-2)_\mu}$ in
                        two-Higgs-doublet models}",
      journal        = "JHEP",
      volume         = "04",
      year           = "2015",
      pages          = "077",
      doi            = "10.1007/JHEP04(2015)077",
      eprint         = "1502.04199",
      archivePrefix  = "arXiv",
      primaryClass   = "hep-ph",
      reportNumber   = "FTUV-15-0213, IFIC-15-09",
      SLACcitation   = "%%CITATION = ARXIV:1502.04199;%%"
}


% Citation 51 

@article{Feng:2009gn,
      author         = "Feng, Tai-Fu and Yang, Xiu-Yi",
      title          = "{Renormalization and two loop electroweak corrections to
                        lepton anomalous dipole moments in the standard model and
                        beyond (I): Heavy fermion contributions}",
      journal        = "Nucl. Phys.",
      volume         = "B814",
      year           = "2009",
      pages          = "101-141",
      doi            = "10.1016/j.nuclphysb.2009.01.012",
      eprint         = "0901.1686",
      archivePrefix  = "arXiv",
      primaryClass   = "hep-ph",
      SLACcitation   = "%%CITATION = ARXIV:0901.1686;%%"
}




