@article{Ferreira_2018,
   title={CP4 miracle: shaping Yukawa sector with CP symmetry of order four},
   volume={2018},
   ISSN={1029-8479},
   url={http://dx.doi.org/10.1007/JHEP01(2018)065},
   DOI={10.1007/jhep01(2018)065},
   number={1},
   journal={Journal of High Energy Physics},
   publisher={Springer Science and Business Media LLC},
   author={Ferreira, P.M. and Ivanov, Igor P. and Jiménez, Enrique and Pasechnik, Roman and Serôdio, Hugo},
   year={2018},
   month={Jan}
}

%22 
@article{Ivanov_2012,
   title={Abelian symmetries in multi-Higgs-doublet models},
   volume={45},
   ISSN={1751-8121},
   url={http://dx.doi.org/10.1088/1751-8113/45/21/215201},
   DOI={10.1088/1751-8113/45/21/215201},
   number={21},
   journal={Journal of Physics A: Mathematical and Theoretical},
   publisher={IOP Publishing},
   author={Ivanov, Igor P and Keus, Venus and Vdovin, Evgeny},
   year={2012},
   month={May},
   pages={215201}
}

@article{Ivanov_2016,
   title={CP-conserving multi-Higgs model with irremovable complex coefficients},
   volume={93},
   ISSN={2470-0029},
   url={http://dx.doi.org/10.1103/PhysRevD.93.095014},
   DOI={10.1103/physrevd.93.095014},
   number={9},
   journal={Physical Review D},
   publisher={American Physical Society (APS)},
   author={Ivanov, I. P. and Silva, João P.},
   year={2016},
   month={May}
}

@article{Aranda_2017,
   title={When theCinCPdoes not matter: Anatomy of order-4CPeigenstates and their Yukawa interactions},
   volume={95},
   ISSN={2470-0029},
   url={http://dx.doi.org/10.1103/PhysRevD.95.055010},
   DOI={10.1103/physrevd.95.055010},
   number={5},
   journal={Physical Review D},
   publisher={American Physical Society (APS)},
   author={Aranda, Alfredo and Ivanov, Igor P. and Jiménez, Enrique},
   year={2017},
   month={Mar}
}


%27 
@article{Branco_2012,
   title={Theory and phenomenology of two-Higgs-doublet models},
   volume={516},
   ISSN={0370-1573},
   url={http://dx.doi.org/10.1016/j.physrep.2012.02.002},
   DOI={10.1016/j.physrep.2012.02.002},
   number={1-2},
   journal={Physics Reports},
   publisher={Elsevier BV},
   author={Branco, G.C. and Ferreira, P.M. and Lavoura, L. and Rebelo, M.N. and Sher, Marc and Silva, João P.},
   year={2012},
   month={Jul},
   pages={1–102}
}

%28 
@article{Ferreira_2004,
   title={Stability of the tree-level vacuum in two Higgs doublet models against charge or CP spontaneous violation},
   volume={603},
   ISSN={0370-2693},
   url={http://dx.doi.org/10.1016/j.physletb.2004.10.022},
   DOI={10.1016/j.physletb.2004.10.022},
   number={3-4},
   journal={Physics Letters B},
   publisher={Elsevier BV},
   author={Ferreira, P.M. and Santos, R. and Barroso, A.},
   year={2004},
   month={Dec},
   pages={219–229}
}

%29 
@article{Barroso_2007,
   title={Neutral minima in two-Higgs doublet models},
   volume={652},
   ISSN={0370-2693},
   url={http://dx.doi.org/10.1016/j.physletb.2007.07.010},
   DOI={10.1016/j.physletb.2007.07.010},
   number={4},
   journal={Physics Letters B},
   publisher={Elsevier BV},
   author={Barroso, A. and Ferreira, P.M. and Santos, R.},
   year={2007},
   month={Aug},
   pages={181–193}
}

%30 
@article{Barroso_2006,
   title={Stability of the normal vacuum in multi-Higgs-doublet models},
   volume={74},
   ISSN={1550-2368},
   url={http://dx.doi.org/10.1103/PhysRevD.74.085016},
   DOI={10.1103/physrevd.74.085016},
   number={8},
   journal={Physical Review D},
   publisher={American Physical Society (APS)},
   author={Barroso, A. and Ferreira, P. M. and Santos, R. and Silva, João P.},
   year={2006},
   month={Oct}
}

%31
@article{Ivanov_2008,
   title={Minkowski space structure of the Higgs potential in the two-Higgs-doublet model. II. Minima, symmetries, and topology},
   volume={77},
   ISSN={1550-2368},
   url={http://dx.doi.org/10.1103/PhysRevD.77.015017},
   DOI={10.1103/physrevd.77.015017},
   number={1},
   journal={Physical Review D},
   publisher={American Physical Society (APS)},
   author={Ivanov, I. P.},
   year={2008},
   month={Jan}
}

%32
@article{Ivanov2007,
  doi = {10.1103/physrevd.75.035001},
  url = {https://doi.org/10.1103/physrevd.75.035001},
  year = {2007},
  month = feb,
  publisher = {American Physical Society ({APS})},
  volume = {75},
  number = {3},
  author = {I. P. Ivanov},
  title = {Minkowski space structure of the Higgs potential in the two-Higgs-doublet model},
  journal = {Physical Review D}
}


%33 
@article{Ivanov_2015,
   title={Symmetry breaking patterns in 3HDM},
   volume={2015},
   ISSN={1029-8479},
   url={http://dx.doi.org/10.1007/JHEP01(2015)021},
   DOI={10.1007/jhep01(2015)021},
   number={1},
   journal={Journal of High Energy Physics},
   publisher={Springer Science and Business Media LLC},
   author={Ivanov, I. P. and Nishi, C. C.},
   year={2015},
   month={Jan}
}

%34
@article{Ginzburg_2005,
   title={Tree-level unitarity constraints in the most general two Higgs doublet model},
   volume={72},
   ISSN={1550-2368},
   url={http://dx.doi.org/10.1103/PhysRevD.72.115010},
   DOI={10.1103/physrevd.72.115010},
   number={11},
   journal={Physical Review D},
   publisher={American Physical Society (APS)},
   author={Ginzburg, I. F. and Ivanov, I. P.},
   year={2005},
   month={Dec}
}

@misc{straub2018flavio,
      title={flavio: a Python package for flavour and precision phenomenology in the Standard Model and beyond}, 
      author={David M. Straub},
      year={2018},
      eprint={1810.08132},
      archivePrefix={arXiv},
      primaryClass={hep-ph}
}


