@article{Aad_2012,
   title={Observation of a new particle in the search for the Standard Model Higgs boson with the ATLAS detector at the LHC},
   volume={716},
   ISSN={0370-2693},
   url={http://dx.doi.org/10.1016/j.physletb.2012.08.020},
   DOI={10.1016/j.physletb.2012.08.020},
   number={1},
   journal={Physics Letters B},
   publisher={Elsevier BV},
   author={Aad, G. and Abajyan, T. and Abbott, B. and Abdallah, J. and Abdel Khalek, S. and Abdelalim, A.A. and Abdinov, O. and Aben, R. and Abi, B. and Abolins, M. and et al.},
   year={2012},
   month={Sep},
   pages={1â€“29}
} 

@article{chatrchyan2012observation,
  title={Observation of a new boson at a mass of 125 GeV with the CMS experiment at the LHC},
  author={Chatrchyan, Serguei and Khachatryan, Vardan and Sirunyan, Albert M and Tumasyan, Armen and Adam, Wolfgang and Aguilo, Ernest and Bergauer, Thomas and Dragicevic, M and Er, J and Fabjan, C and others},
  journal={Physics Letters B},
  volume={716},
  number={1},
  pages={30--61},
  year={2012},
  publisher={Elsevier}
}

@article{collaborations2015combined,
  title={Combined Measurement of the Higgs Boson Mass in pp Collisions at sqrt s = 7 and 8 TeV with the ATLAS and CMS Experiments},
  author={Collaborations, CMS and others},
  journal={arXiv preprint arXiv:1503.07589},
  year={2015}
}

@article{collaborations2016measurements,
  title={Measurements of the Higgs boson production and decay rates and constraints on its couplings from a combined ATLAS and CMS analysis of the LHC pp collision data at sqrt s = 7 and 8 TeV},
  author={Collaborations, CMS and others},
  journal={arXiv preprint arXiv:1606.02266},
  year={2016}
}

@article{lee1973theory,
  title={A theory of spontaneous T violation},
  author={Lee, TD},
  journal={Physical Review D},
  volume={8},
  number={4},
  pages={1226},
  year={1973},
  publisher={APS}
}


