@misc{ wiki:sm,
   author = "Wikimedia Commons",
   title = "File:Standard Model of Elementary Particles.svg --- Wikimedia Commons{,} the free media repository",
   year = "2018",
   url = "https://commons.wikimedia.org/w/index.php?title=File:Standard_Model_of_Elementary_Particles.svg&oldid=308836261",
   note = "[Online; accessed 3-August-2018]"
 }
 